2798 4680
16 378 18 384 Ι
94 297 117 361 6

28 481 43 504 '
96 499 179 569 darn
212 521 268 568 res
298 506 443 586 propter
473 499 750 570 similitudinem
782 523 902 570 aarum
935 501 1066 586 quibus
1091 506 1297 567 assenserat

94 613 335 700 probaretur.“
384 611 471 696 (Oic.
497 612 539 682 de
563 616 635 682 inv.
661 614 678 682 Ι
701 618 719 690 §
742 614 811 698 51.)
827 614 853 697 ¹)

199 723 270 793 Sed
293 725 361 793 hae
383 725 628 810 interrogandi
652 733 687 794 et
709 726 914 813 inquirendi
937 724 1197 794 consuetudine
1222 745 1297 810 qua

95 841 158 924 qui
181 841 439 924 sapientissimi
471 845 506 906 et
534 837 809 926 prudentissimi
840 839 912 908 sibi
939 837 1157 907 videbantur
1184 836 1296 923 plane
1331 877 1332 881 =

95 952 312 1036 coarguebat
348 949 610 1040 permultorum
649 951 773 1021 odium
810 955 848 1019 in
882 973 920 1018 se
955 953 1150 1031 convertit,
1196 948 1296 1035 quod

14 1049 16 1053 ¹
94 1067 210 1148 magis
239 1067 426 1150 magisque
456 1063 543 1134 adeo
575 1067 695 1143 erevit,
725 1072 765 1133 ut
787 1063 861 1132 fieti
885 1066 1042 1131 oriminis
1068 1070 1296 1130 accusaretur

29 1221 31 1225 ·
94 1180 293 1264 capitisque
317 1176 553 1245 damnaretur.

198 1287 270 1358 Sed
293 1311 374 1358 oum
397 1292 476 1376 ipso
500 1311 574 1359 non
598 1286 708 1356 simul
732 1288 852 1357 studia
868 1292 944 1356 eius
960 1292 1158 1376 perierunt;
1184 1286 1296 1354 disci-

63 1444 76 1455 v
94 1400 174 1488 puli
208 1399 363 1471 Socratis
401 1400 605 1489 inquirendi
639 1405 715 1470 eius
761 1404 935 1471 rationem
980 1405 1203 1469 retinuerunt
1249 1398 1298 1466 ad

95 1535 243 1601 eamque
277 1536 439 1584 normam
479 1514 592 1584 libros
633 1522 918 1601 composuerunt.
977 1513 1035 1581 Sic
1075 1512 1298 1597 dialogieum

95 1614 284 1719 scribendi
302 1649 416 1712 genus
447 1631 485 1696 111
515 1626 653 1695 litteras
677 1626 865 1695 inductum
889 1635 950 1694 est.
1004 1625 1080 1692 Hac
1104 1648 1184 1694 cum
1208 1647 1296 1693 sen-

93 1742 207 1808 tentia
239 1738 419 1825 Diogenes
455 1738 600 1826 quidem
640 1761 800 1825 pugnare
834 1738 975 1835 uidetur
1017 1743 1079 1826 qui
1112 1738 1298 1807 Zenonem

94 1850 256 1920 Eleatem
282 1856 437 1939 primum
469 1851 632 1938 dialogos
663 1854 910 1939 composuisse
939 1851 1048 1919 tradit
1070 1851 1123 1919 Ill
1145 1857 1202 1920 48:
1232 1855 1298 1914 δια-

94 1964 197 2048 λόγους
227 1962 319 2027 τοίνυν
349 1963 421 2051 φοισὶ
451 1971 561 2051 πρῶτον
588 1963 700 2050 γράψαι
730 1963 854 2048 Ζήνωνα
883 1964 931 2026 τὸν
950 1961 1114 2046 'Eteri-squ
1150 1964 1223 2041 sed,
1259 1969 1300 2033 ni

95 2075 211 2156 fallor,
240 2076 376 2162 διάλογον
406 2085 440 2146 et
468 2077 652 2160 διαλεκτικὴν
688 2080 935 2174 commutavit,
974 2098 1128 2163 quocum
1160 2080 1298 2162 optime
1331 2110 1333 2114 >

95 2189 179 2257 facit
209 2192 412 2278 conjectura
443 2190 652 2260 Steinhartii
677 2188 888 2258 Susemihlii
919 2187 1072 2258 aliorum
1095 2188 1300 2271 Platonem,

95 2310 136 2371 ut
170 2306 315 2372 omnino
350 2325 522 2390 personas
561 2325 646 2372 suas
682 2324 789 2390 quam
823 2305 1008 2370 verissime
1044 2301 1221 2381 describit,
1258 2307 1300 2372 in

95 2415 207 2485 altera
241 2415 466 2484 Parmenidis
499 2423 599 2504 parte
633 2416 789 2484 Zenonis
824 2436 958 2485 morem
993 2418 1173 2483 imitatum
1206 2437 1297 2482 esse.

95 2527 189 2597 Nam
213 2550 300 2598 sane
325 2529 382 2596 hic
405 2521 479 2598 non
501 2532 622 2598 minus
640 2527 862 2598 aPlatonioo
881 2527 1058 2603 abhorret,
1082 2548 1189 2613 quam
1214 2549 1300 2596 curn

95 2639 303 2711 definitione
332 2640 536 2736 dialecticae
571 2643 736 2725 congruit
765 2661 872 2727 quam
904 2638 1085 2723 Diogenes
1117 2639 1300 2709 Albinum

95 2762 238 2823 seculus
262 2753 387 2824 eodem
409 2752 488 2824 loeo
512 2754 658 2842 profert:
683 2751 744 2816 ἔστι
763 2751 796 2815 δέ
811 2751 948 2834 διάλογος
966 2750 1054 2834 λόγος
1070 2755 1099 2824 ἐξ
1123 2753 1299 2837 ἐρωτήσεως

32 2932 36 2941 ,
93 2865 144 2931 καὶ
167 2864 350 2953 ἀποκρίσεως
373 2844 556 2951 συγκείμενος
588 2865 653 2952 περί
679 2891 752 2937 τινος
782 2871 836 2928 τῶν
859 2865 1119 2950 φιλοσοφουμένων
1142 2862 1190 2928 καὶ
1213 2870 1300 2928 πολι-

65 3036 70 3046 ,,
93 2985 176 3044 τικιῖν
199 2981 272 3066 μετὰ
295 2986 346 3064 τῆς
369 2978 535 3066 πρεπούσης
552 2978 710 3052 ν’θοποιίας
725 2985 780 3042 τῶν
802 2954 1112 3063 παραλαμβανομένων
1134 2976 1299 3062 προσώπων

93 3091 144 3156 καὶ
165 3099 216 3178 τῆς
239 3094 314 3158 κατὰ
337 3093 388 3177 τὴν
412 3092 485 3165 λέξιν
515 3097 705 3174 κατασκευῆς.
743 3091 911 3173 διαλεκτικὴ
941 3089 968 3153 δ’
996 3089 1056 3154 έστι
1078 3091 1166 3176 τέχνη
1191 3089 1298 3172 λόγων,

68 3287 70 3291 ¹
94 3204 125 3269 δ’
157 3202 192 3291 ἧς
222 3205 459 3290 ἀνασκευάζομέν
487 3230 514 3268 τι
541 3202 561 3288 ἧ
591 3203 847 3287 κατασκευάζομεν
878 3206 906 3276 ἐξ
937 3203 1108 3288 ἐρωτήσεως
1142 3200 1192 3266 καί
1222 3202 1300 3266 ἀπο-

93 3317 216 3404 κρίσεως
239 3325 291 3382 τῶν
313 3317 611 3405 προσδιαλεγομένων.
658 3318 810 3389 Prorsus
836 3326 954 3385 autem
977 3317 1071 3384 nihil
1095 3319 1227 3384 scimus
1253 3317 1299 3384 de

95 3432 319 3502 Alexameno
349 3430 476 3518 Styreo
506 3433 582 3499 sive
611 3431 695 3499 Teio
731 3433 789 3498 oui
823 3427 1036 3498 Aristoteles
1073 3427 1169 3514 apud
1203 3427 1296 3497 Dio-

55 3634 56 3639 *
94 3565 221 3629 genem
244 3544 317 3624 ].·1‚
341 3542 477 3629 dialogi
501 3546 746 3613 inventionem
770 3544 942 3620 attribuit,
973 3545 1147 3627 cuiusque
1173 3541 1298 3624 Σωκρα-

94 3659 194 3727 τικού;
230 3658 281 3741 (1)
317 3655 471 3739 διαλόγοις
510 3678 592 3724 eum
627 3655 828 3742 Sophronis
863 3658 983 3722 mimis
1019 3653 1171 3722 contulit
1204 3661 1299 3723 teste

200 3883 219 3950 1)
240 3881 284 3939 Of.
309 3881 400 3938 etiarn
423 3880 512 3938 Mem.
532 3879 576 3938 IV
594 3887 619 3948 6,
640 3884 672 3937 15
696 3880 748 3938 ubi
767 3877 937 3949 Xenophon
962 3875 1101 3944 exemplo
1127 3875 1296 3944 praemisso

94 3967 265 4029 disserendi
283 3967 350 4026 eius
367 3967 515 4026 rationem
533 3966 578 4025 sic
596 3965 755 4026 describit:
784 3961 853 4021 olto
872 3967 901 4019 δὲ
918 3969 968 4016 τῶν
988 3960 1071 4034 λόγων
1087 3965 1296 4034 νἐπαναγομένων

94 4058 140 4110 καὶ
163 4063 217 4116 τοῖς
240 4052 413 4126 ἀντιλέγουσιν
440 4051 527 4114 αὐτοῖς
552 4053 665 4128 φανερὸν
690 4056 802 4126 ἐγίγνετο
827 4048 852 4105 τ’
875 4047 982 4122 ἀληθές.
1022 4046 1100 4103 ὁπότε
1126 4051 1153 4103 δὲ
1172 4046 1251 4109 αὐτός
1272 4071 1298 4104 τι

93 4140 220 4216 τῷλόγῳ
244 4141 340 4205 διεξίοι,
364 4139 406 4195 διὰ
429 4146 478 4195 τῶν
505 4137 617 4212 μάλιστα
642 4138 856 4212 ὁμολογουμένων
882 4134 1030 4210 ἐπορεύετο,
1057 4139 1168 4207 νομίζων
1193 4133 1297 4201 ταύτην

94 4225 239 4304 ἀσφάλειαν
259 4230 323 4283 εἶναι
342 4224 428 4300 λόγου.
1067 4228 1069 4230 ’
