2798 4680
77 291 100 355 6

11 475 26 498 '
79 493 162 563 dam
195 515 251 562 res
280 501 427 582 propter
456 495 733 566 similitudinem
764 519 885 567 earum
917 499 1049 584 quibus
1074 505 1285 566 assenserat

76 607 318 694 probaretur.“
366 607 453 690 (010.
479 607 523 677 (10
545 612 617 678 inv.
643 610 661 678 Ι
683 614 701 686 0
724 611 794 694 51.)
809 611 836 694 ¹)

182 717 253 787 Sed
276 719 344 787 hac
366 720 610 806 interrogandi
634 730 670 791 ot
691 723 896 810 inquirendi
919 721 1182 792 consuetudine
1207 744 1285 809 qua

78 835 141 918 qui
163 836 422 920 sapientissimi
453 839 489 901 et
516 832 791 921 prudentissimi
822 837 894 906 sibi
921 833 1139 905 videbantur
1166 835 1283 922 plane

77 947 294 1031 coarguebat
330 944 592 1033 permultorum
631 945 754 1017 odium
792 951 830 1016 in
864 969 903 1016 se
937 951 1132 1029 convertit,
1179 947 1282 1034 quod

76 1061 192 1142 magis
221 1061 408 1145 magisque
438 1058 525 1129 adeo
557 1063 677 1139 erevit,
707 1068 747 1129 ut
769 1060 843 1130 ficti
866 1064 1024 1129 criminis
1050 1068 1281 1129 accusaretur

76 1174 275 1257 capitisque
299 1171 535 1240 damnaretur.

180 1280 252 1351 Sed
275 1305 356 1352 011111
379 1287 458 1371 ipso
482 1305 556 1353 non
580 1283 690 1352 simul
713 1284 834 1353 studia
850 1289 926 1354 eius
942 1290 1140 1373 perierunt3
1165 1284 1279 1354 disei-

55 1393 155 1482 puli
190 1393 345 1465 Socratis
384 1396 586 1484 inquirendi
621 1400 697 1465 eius
743 1401 917 1467 rationem
962 1403 1185 1467 retinuerunt
1232 1397 1280 1465 ad

77 1528 225 1594 eamque
258 1530 421 1577 normam
461 1508 574 1580 libros
615 1520 900 1596 composuerunt.
959 1510 1017 1578 Sic
1056 1509 1280 1596 dialogicum

66 1608 266 1713 scribendi
284 1643 398 1706 genus
430 1626 468 1690 in
497 1621 634 1691 litteras
658 1622 846 1692 inductum
870 1632 931 1691 est.
986 1622 1062 1690 Hac
1086 1647 1166 1692 cum
1191 1645 1278 1692 sen-

75 1736 188 1802 tentia
220 1732 400 1819 Diogenes
437 1733 581 1821 quidem
621 1755 782 1821 pugnare
815 1735 956 1831 videtur
999 1740 1060 1822 qui
1094 1736 1280 1805 Zenonem

75 1844 237 1914 Eleatem
263 1850 419 1933 primum
450 1846 613 1933 dialogos
645 1851 891 1935 composuisse
920 1848 1029 1916 tradit
1051 1848 1105 1916 ΙΠ
1126 1855 1183 1918 48:
1214 1854 1280 1913 διο-

75 1957 178 2042 λόγους
208 1956 300 2022 τοίνυν
330 1957 402 2046 φασὶ
432 1965 542 2045 πρῶτον
569 1959 681 2046 γράψαι
711 1960 834 2044 Ζήνωνα
864 1960 912 2023 τὸν
931 1959 1095 2043 Ἐλεάτην;
1131 1961 1205 2040 sed,
1239 1968 1281 2033 ni

75 2069 191 2150 fallor,
220 2070 356 2156 διάλογον
387 2080 421 2142 et
450 2073 633 2156 διαλεκτικὴν
669 2077 916 2151 eommutavit,
956 2096 1110 2159 quocum
1141 2079 1280 2161 optime
1311 2108 1313 2112 >

75 2182 161 2251 iacit
190 2187 393 2273 conjectura
423 2185 633 2255 Steinhartii
657 2178 869 2255 Susemihlii
900 2185 1052 2256 aliorum
1075 2186 1282 2270 Platonem,

75 2303 116 2365 ut
150 2300 296 2366 omnino
331 2319 503 2385 personas
541 2321 626 2367 suas
662 2320 770 2386 quam
803 2302 990 2367 verissime
1024 2298 1202 2380 describit,
1239 2305 1282 2371 in

76 2409 188 2479 altera
221 2410 446 2479 Parmenidis
480 2421 579 2500 parte
613 2412 769 2481 Zenonis
804 2433 939 2482 morem
974 2415 1153 2480 imitatum
1186 2434 1279 2482 esse.

75 2521 169 2591 Nam
194 2545 280 2591 sane
305 2523 362 2591 hio
385 2516 460 2594 non
482 2528 603 2593 minus
620 2523 843 2595 aPlatonioo
861 2524 1038 2600 abhorret,
1063 2546 1170 2611 quam
1194 2547 1282 2596 oum

76 2633 283 2725 definitione
312 2635 516 2731 dialecticae
551 2641 717 2722 congruit
746 2659 853 2724 quam
885 2635 1065 2720 Diogenes
1097 2637 1281 2709 Albinum

75 2757 218 2817 secutus
242 2747 367 2818 eodem
390 2748 468 2819 1000
492 2750 638 2837 profert:
664 2748 723 2813 ἔστι
743 2748 776 2812 δὲ
791 2748 929 2832 διάλογος
946 2747 1034 2832 λόγος
1050 2753 1079 2822 ἐξ
1103 2751 1281 2836 ἐρωτήσεως

73 2859 124 2925 καὶ
147 2857 330 2947 ἀποκρίσεως
353 2840 536 2946 συγκείμενος
568 2861 633 2948 περί
659 2888 732 2934 τινος
762 2868 817 2926 τῶν
840 2863 1099 2947 φιλοσοφουμένων
1122 2861 1171 2926 καὶ
1193 2869 1281 2928 πολι-

73 2980 156 3038 τικῶν
179 2975 253 3060 μετὰ
275 2981 326 3058 τῆς
348 2973 515 3060 πρεπούσης
533 2974 690 3048 ν’θοποιίας
705 2982 760 3039 τῶν
782 2975 1092 3060 παραλαμβανομένων
1114 2975 1280 3060 προσώπων

73 3085 196 3172 καὶτῆς
219 3089 294 3152 κατὰ
317 3088 368 3172 τήν
391 3087 465 3160 λέξιν
495 3094 685 3170 κατασκευῆς.
723 3088 891 3171 διαλεκτικὴ
921 3086 948 3150 δ’
976 3087 1036 3152 ἔστι
1057 3089 1147 3174 τέχνη
1170 3088 1278 3170 λόγων,

74 3199 104 3262 δ’
136 3196 172 3285 ἧς
202 3199 439 3285 ἀνασκευάζομέν
466 3225 493 3264 τι
521 3197 540 3284 ἦ
571 3200 827 3284 κατασκευάζομεν
858 3203 885 3274 ἐξ
917 3200 1088 3285 ἐρωτήσεως
1122 3199 1171 3264 καὶ
1202 3199 1279 3266 άπο-

73 3311 196 3398 κρίσεως
219 3320 271 3376 τῶν
292 3313 591 3399 προσδιαλεγομένων.
637 3315 789 3385 Prorsus
815 3324 933 3383 autem
957 3313 1051 3382 nihil
1074 3318 1206 3382 scimus
1232 3315 1278 3384 de

75 3426 298 3496 Alexameno
328 3425 455 3514 Styreo
486 3429 561 3495 sive
591 3426 674 3495 Teio
710 3429 769 3494 cui
802 3426 1016 3497 Aristoteles
1053 3427 1148 3513 apud
1183 3425 1276 3496 Dio-

34 3628 35 3633 *
73 3560 200 3624 genem
224 3539 296 3619 1.·1‚
321 3537 456 3624 dialogi
480 3542 725 3610 inventionem
749 3541 922 3618 attribuit,
953 3543 1126 3625 cuiusque
1153 3539 1278 3623 Σωκρα-

73 3655 173 3722 τικού;
209 3653 260 3736 (l)
296 3651 451 3736 διαλόγοις
490 3675 572 3721 011111
607 3652 807 3739 Sophronis
842 3656 962 3722 mimis
998 3651 1150 3721 contulit
1183 3660 1278 3721 teste

179 3878 198 3945 1)
218 3876 263 3935 of.
287 3876 555 3935 0110111110111.Ιλ7
574 3883 598 3943 6,
619 3881 651 3933 15
675 3876 727 3934 ubi
746 3876 916 3947 Xenophon
941 3874 1080 3944 exemplo
1105 3874 1274 3943 praemisso

72 3963 244 4023 disserendi
262 3963 329 4022 eius
346 3963 494 4021 rationem
512 3962 557 4022 sio
575 3961 734 4022 describit:
764 3958 832 4018 οὕτω
851 3965 880 4016 δὲ
897 3967 947 4015 τῶν
967 3959 1049 4032 λόγων
1065 3964 1274 4033 ἐπαναγομένων

72 4052 119 4105 καὶ
141 4057 196 4110 τοῖς
219 4047 391 4121 ἀντιλέγουσιν
418 4047 506 4110 αὐτοῖς
531 4049 643 4123 φανερὸν
668 4052 781 4122 ἐγίγνετο
805 4045 831 4102 τ’
854 4045 961 4120 ἀληθές.
1001 4045 1079 4102 ὁπότε
1104 4050 1132 4102 δὲ
1151 4045 1229 4108 αὐτάς
1249 4070 1275 4103 τι

72 4134 198 4210 τῷλόγῳ
223 4136 318 4200 διεξίοι,
342 4134 384 4190 διὰ
408 4141 457 4191 τῶν
483 4133 595 4208 μάλιστα
621 4133 835 4208 ὁμολογουμένων
861 4131 1009 4207 ἐπορεύετο,
1035 4137 1146 4205 νομίζων
1171 4132 1275 4200 ταάτην

72 4219 217 4295 ἀσφάλειαν
237 4225 302 4278 εἶναι
321 4219 406 4295 λόγου.

33 4348 76 4384 m
