2798 4680
1250 282 1298 355 ,ὣ

109 479 251 548 studuit.
310 481 434 568 Neque
474 491 593 551 tamen
634 483 723 550 mihi
765 489 952 570 persuasit.
1012 480 1314 571 contemplamur
1361 498 1364 502 ’

94 597 198 661 enim
236 593 372 678 dialogi
407 599 704 682 compositionem
740 585 881 681 qualem
914 601 990 684 ipsc
1024 597 1204 666 Hiruelius
1240 597 1301 666 dc-

10 746 15 755 ·
101 709 234 775 scribit.
289 706 396 775 Initio
430 711 665 794 scepticorum
702 707 863 776 doctrina
894 732 1001 795 quam
1037 713 1301 778 accuratissime
1337 746 1338 750 =

95 818 289 899 refutatur,
342 823 502 906 sequitur
548 824 725 907 expositio
780 821 940 890 ciusdem
986 821 1166 891 doctrinae
1212 815 1302 909 quae

93 929 231 1000 iterum
259 932 442 1012 refellitur,
473 955 588 1018 neque
619 932 721 1001 aliter
751 935 971 1003 conformata
1000 940 1054 1025 est
1076 939 1179 1003 tertia
1201 958 1300 1023 pars;

92 1041 194 1112 aliae
211 1043 456 1114 dubitationes
475 1054 509 1113 et
524 1049 623 1132 ipsae
648 1045 692 1112 ad
716 1049 857 1114 irritum
880 1045 1098 1130 rediguntur.
1146 1048 1301 1121 Tantum

77 1164 221 1233 autem
248 1160 359 1233 abest,
383 1164 424 1225 ut
447 1180 489 1224 ea
513 1181 603 1244 quae
627 1166 750 1227 contra
773 1160 996 1227 Antiochum
1026 1163 1063 1227 in
1088 1160 1245 1228 secunda
1268 1170 1301 1230 et

86 1271 207 1336 tertia
236 1277 337 1356 parte
371 1269 543 1354 „dialogi‘
574 1272 803 1358 proferuntur
833 1293 928 1340 nova
959 1275 1041 1352 sint,
1073 1276 1124 1340 ita
1154 1281 1300 1361 61666-

84 1395 245 1456 gressus
279 1386 536 1451 sententiarum
566 1399 746 1470 appareat,
780 1392 819 1452 ut
854 1388 986 1452 maiore
1022 1407 1064 1452 ex
1095 1392 1194 1472 parte
1225 1388 1298 1455 iam

86 1501 209 1562 antea
232 1495 343 1563 allata
367 1505 400 1562 ct
427 1496 579 1564 refutata
609 1499 689 1564 6161.
749 1495 820 1564 Sed
850 1519 894 1564 ne
929 1504 1052 1564 contra
1079 1499 1301 1569 Antiochum

84 1606 246 1684 quidem
264 1606 357 1675 dicta
374 1615 459 1675 sunt
476 1608 589 1694 (quod
605 1612 683 1695 ipsc
698 1609 878 1678 Hiruelius
895 1609 1147 1689 animadvertit
1162 1633 1194 1697 p.
1208 1614 1299 1695 264),
1384 1661 1388 1669 .

81 1719 240 1788 nullam
279 1724 424 1790 omnino
461 1724 536 1788 eius
573 1724 747 1789 rationem
782 1723 932 1790 habent:
968 1723 1052 1790 talis
1088 1727 1299 1809 compositio

80 1832 279 1907 quomodo
312 1832 455 1918 dialogo
486 1837 602 1919 aptior
631 1837 689 1913 sit,
718 1834 882 1920 equidem
911 1857 985 1902 non
1015 1833 1127 1903 video.
1189 1837 1298 1904 Porro

79 1937 143 2008 ab
165 1945 376 2015 Aristotelio
400 1968 498 2015 more
516 1967 620 2032 quem
636 1947 704 2014 hoe
728 1951 765 2014 in
793 1947 975 2031 ..61161666ιί
1003 1946 1205 2018 adhibitum
1222 1972 1298 2017 esse
1363 1975 1366 1978 ·

75 2039 279 2126 Hiruelius
315 2058 470 2126 affirmat
512 2059 669 2127 alienum
711 2059 822 2126 fuisse
856 2059 1012 2139 videtur,
1056 2060 1151 2146 quod
1186 2062 1298 2130 collo-

76 2175 249 2245 quentes
274 2175 418 2258 saepius
443 2171 485 2240 do
510 2171 633 2239 eadem
656 2195 692 2239 re
713 2175 935 2258 pugnabant,
960 2176 1012 2239 ita
1028 2182 1066 2240 ut
1082 2196 1176 2240 unus
1194 2197 1238 2242 ex
1254 2178 1297 2243 iis

76 2269 229 2352 iterum
253 2292 359 2372 atque
376 2289 503 2353 iterum
522 2285 680 2352 eiusdem
701 2284 895 2353 adversarii
918 2283 1159 2353 dubitationes
1183 2288 1298 2373 repel-

73 2375 195 2465 leret.
240 2398 282 2465 ln
300 2397 481 2466 Ciceronis
507 2403 599 2466 enim
625 2397 779 2482 dialogis
805 2396 988 2475 (Acadcm.
1007 2396 1048 2464 de
1065 2398 1125 2465 1111.
1138 2398 1186 2467 de
1204 2399 1295 2469 deor.

78 2512 170 2578 nat,
190 2509 233 2577 de
250 2509 336 2591 div.)
363 2515 424 2596 qui
449 2510 518 2580 6611
543 2515 796 2578 accuratiorem
819 2512 924 2578 nobis
949 2509 1048 2577 illius
1072 2516 1181 2579 1116116
1203 2518 1296 2581 6611-

82 2613 186 2690 tiam
211 2625 384 2709 praebent
400 2646 514 2691 sermo
539 2625 748 2710 plerumque
771 2627 821 2690 ita
837 2625 1027 2690 institutus
1045 2631 1108 2702 661,
1131 2626 1298 2694 61661661

87 2727 241 2803 tantum
272 2758 374 2805 suam
404 2741 555 2823 quisque
587 2740 801 2805 senteutiam
836 2744 1008 2822 perpetua
1043 2741 1203 2804 oratione
1234 2761 1295 2807 ex-

95 2854 226 2926 ponam
263 2852 292 2915 61
328 2852 406 2934 quis
444 2854 586 2935 saepius
621 2850 781 2935 loquitur
814 2848 872 2920 (de
897 2848 989 2916 deor.
1015 2858 1103 2931 nat.)
1136 2850 1296 2921 diversos

82 2955 289 3047 impugnat
306 2960 537 3032 adversarios.
574 2962 715 3030 Titulus
734 2962 886 3047 denique
910 2961 1096 3046 „dialogi“,
1120 2963 1296 3048 siquidem

109 3070 214 3142 Sosus
239 3077 269 3141 16
294 3074 384 3142 liber
408 3083 462 3142 661
486 3095 555 3161 quo
581 3075 701 3142 Cicero
727 3074 772 3141 ad
796 3073 1011 3142 Academica
1041 3075 1297 3145 conscribenda

106 3207 189 3254 6666
215 3195 278 3265 661,
302 3187 403 3256 116116
428 3188 534 3256 modo
553 3187 719 3274 explicari
744 3194 877 3273 potest:
903 3209 1007 3273 quam
1034 3192 1127 3256 enim
1151 3210 1296 3257 causam

102 3297 277 3367 Hirzelius
307 3303 428 3369 attulit
460 3300 591 3369 Susum
621 3301 757 3368 scilicet
788 3305 825 3368 iu
861 3304 1051 3386 prooemiis
1087 3301 1295 3370 librorum

84 3416 242 3505 ‘saepius
290 3414 461 3500 appellari
509 3414 628 3481 Cicero
675 3417 751 3499 ipse
798 3413 928 3481 refellit
973 3417 1034 3498 qui
1072 3414 1292 3483 Antiochum

99 3525 278 3594 librum
295 3525 449 3593 edidisse
478 3526 595 3595 tradit.
1048 3603 1050 3607 y

202 3637 300 3718 Quae
329 3661 409 3705 cum
446 3642 494 3706 ita
523 3643 606 3718 siut,
634 3637 845 3724 persuadere
876 3640 966 3706 mihi
995 3660 1130 3724 nequeo
1164 3639 1294 3707 Sosum

101 3750 284 3834 dialogum
313 3752 435 3827 161666,
467 3755 503 3818 16
534 3773 644 3836 coque
669 3750 965 3837 acquiescendum
988 3750 1129 3818 videtur
1152 3751 1295 3821 nullum

97 3865 202 3932 nobis
238 3864 462 3947 dialogorum
498 3873 675 3932 auctorem
711 3886 825 3949 usque
860 3863 905 3931 ad
940 3863 1173 3932 Plutarchum
1208 3886 1293 3932 con-

99 3989 277 4043 servatum
313 3999 390 4044 esse
426 3980 501 4061 qui,
537 3983 711 4062 quantum
747 3980 831 4052 scio,
865 3980 1001 4062 primus
1038 3975 1196 4044 studium
1232 3977 1293 4045 diu

99 4092 271 4156 omissum
296 4092 493 4156 suscitarit.
530 4088 628 4156 Usus
653 4097 707 4156 661
731 4102 763 4155 61
788 4088 981 4157 dramatico
1007 4096 1040 4156 et
1061 4088 1292 4173 diegematico

99 4221 233 4282 genere,
258 4205 433 4287 priorem
460 4201 611 4284 dialogis
636 4205 698 4287 qui
722 4204 966 4270 inscribuntur
998 4200 1106 4285 ὑγιεινὰ
1130 4203 1294 4288 παραγγέλ-

1086 4341 1118 4393 3*
1199 4354 1336 4404 n
