2798 4680
1260 299 1299 360 19

100 509 309 587 abhorrent,
344 522 383 575 ut
418 514 553 574 taceam
589 504 631 572 de
667 505 809 574 Socrate
844 503 1010 571 Pharsali
1051 510 1223 579 versante,
1262 505 1299 568 in

96 621 290 708 Halcyone
315 627 563 705 argumentum
588 625 621 684 et
643 640 757 702 genus
782 616 990 696 disserendi,
1023 639 1067 683 ne
1099 614 1214 682 dicam
1238 614 1299 681 de·
1361 699 1362 702 Ἴ

99 734 296 811 clamandi,
320 733 416 821 quod
440 742 474 800 et
497 736 617 818 ipsum
634 735 671 798 in
687 732 851 800 Aniocho
871 730 1029 807 offendit,
1052 735 1300 816 praeterquam

98 847 202 934 quod
227 860 349 915 auctor
371 848 481 914 huius
507 844 642 927 dialogi
666 847 808 930 saepius
833 865 876 910 ex
901 841 1130 926 diegematieo
1157 840 1201 908 ad
1219 840 1299 908 dra-

97 965 275 1030 maticum
290 981 404 1044 genus
422 961 561 1036 transit
578 978 691 1042 neque
709 964 748 1023 ut
764 956 868 1023 Plato
894 959 931 1022 in
947 955 1150 1031 Theaeteto,
1172 954 1235 1022 sed
1251 958 1301 1022 ita

97 1083 142 1142 ut
160 1073 346 1142 Socratem
370 1080 404 1138 et
426 1070 634 1138 referentem
658 1077 691 1137 et
707 1069 971 1155 colloquentem
986 1069 1101 1135 faeiat.
1129 1068 1299 1135 Omnium
1374 1126 1375 1133 ,

98 1191 261 1274 optimus
286 1192 337 1253 est
362 1184 516 1269 Eryxias
542 1187 603 1269 qui
630 1183 737 1269 plane
769 1181 812 1248 ad
837 1182 1065 1250 Platonicum
1096 1182 1299 1268 exernplum

96 1301 323 1385 compositus
348 1304 410 1364 est.

207 1410 372 1479 Platonis
398 1408 566 1495 discipuli
594 1417 634 1476 ut
660 1411 820 1491 magistri
851 1407 1030 1476 doctrinas
1062 1411 1174 1475 secuti
1205 1420 1300 1487 sunt,

96 1527 180 1592 sine
205 1522 314 1592 dubio
341 1522 518 1591 scribendi
544 1542 685 1607 quoque
708 1521 858 1588 formam
874 1525 1106 1597 retinuerunt,
1131 1521 1193 1589 sed
1210 1543 1300 1607 quae

94 1639 169 1706 hac
196 1635 298 1703 dere
322 1639 455 1704 scimus
481 1634 674 1702 admodum
697 1656 811 1720 pauca
836 1644 928 1702 sunt.
972 1635 1081 1720 Apud
1102 1635 1299 1717 Diogenem

94 1750 287 1818 Laertium
312 1748 378 1825 (IV
395 1755 431 1825 4)
456 1749 609 1831 legimus
631 1747 874 1833 Speusippum
898 1748 1084 1830 πάμπλειστα
1108 1747 1300 1831 ὑπομνήματα

93 1861 149 1926 καὶ
183 1858 337 1945 διαλόγους
371 1859 506 1930 πλείονας
541 1860 727 1945 reliquisse
760 1861 977 1947 longamque
1012 1859 1139 1928 deinde
1174 1864 1300 1928 seriem

94 1975 291 2044 titulorum
314 1976 501 2052 habemus,
526 1977 587 2059 qui
609 1981 728 2041 tamen
751 1972 835 2041 libri
866 1977 903 2040 in
935 1973 1078 2058 dialogo
1111 1977 1300 2060 compositi

96 2096 198 2163 sunt,
222 2110 296 2155 non
319 2090 391 2154 iam
422 2108 616 2173 possumus
649 2085 852 2154 discernere.
906 2086 1126 2154 Xenocrates
1159 2109 1300 2172 quoque

97 2197 268 2284 dialogos
294 2203 479 2286 scripsisse
500 2197 651 2270 ridetur:
675 2199 849 2284 siquidem
870 2222 911 2266 ex
928 2201 1044 2268 titulis
1062 2204 1299 2267 coniecturam

95 2314 213 2381 facere
238 2313 319 2379 licet
350 2312 406 2385 (cf,
432 2312 535 2394 DiOg.
560 2309 612 2378 IV
637 2316 676 2377 12
706 2311 884 2395 Καλλικλῆς,
918 2319 958 2381 13
979 2291 1158 2399 ἶλρχὲὖημος
1187 2310 1206 2396 i}
1235 2312 1300 2397 περὶ

96 2423 316 2507 δικαιοσύνης),
341 2427 419 2510 ipsa
442 2431 563 2491 tamen
587 2428 719 2509 scripta
741 2428 930 2510 perierunt.

205 2538 306 2606 Idem
341 2536 453 2604 fatum
490 2558 705 2622 quamquam
741 2538 947 2605 Aristotelis
989 2547 1129 2624 quoque
1166 2539 1299 2623 dialogi

95 2653 317 2728 habuerunt,
353 2653 548 2717 accuratior
589 2661 708 2717 tamen
750 2673 870 2718 eorum
912 2655 1043 2719 notitia
1081 2654 1185 2720 nobis
1226 2675 1300 2720 non

98 2764 251 2839 deest.¹)
287 2764 389 2831 Hane
412 2766 601 2848 praecipue
618 2763 778 2830 Ciceroni
804 2763 974 2832 debemus
1000 2768 1122 2850 quiin
1146 2765 1299 2850 dialogis

100 2881 179 2945 suis
205 2874 462 2962 componendis
486 2876 716 2944 Aristotelem
740 2875 954 2944 imitandum
980 2879 1049 2945 sibi
1073 2883 1236 2964 sumpsit,
1261 2889 1301 2946 ut

100 2992 316 3076 saepissime
355 2992 431 3075 ipse
470 2987 663 3074 profitetur.
716 2989 791 3056 lam
833 2993 863 3056 si
894 2989 1101 3058 Platonicos
1136 2991 1299 3074 dialogos

100 3125 185 3170 cum
211 3101 454 3168 Ciceronianis
478 3123 736 3187 comparamus,
761 3125 903 3170 sunnna
926 3102 1114 3170 diuersitas
1139 3126 1180 3170 ea
1204 3108 1240 3172 in
1263 3127 1300 3170 re

97 3219 222 3304 posita
235 3236 312 3281 esse
325 3213 475 3293 ridetur,
490 3213 585 3300 quod
596 3214 701 3282 Plato
716 3236 880 3282 scaenam
899 3237 962 3301 per
980 3225 1095 3284 totum
1117 3217 1299 3301 dialogum

97 3333 240 3407 retinet,
265 3326 384 3395 Cicero
410 3347 514 3413 saepe
538 3349 616 3394 eam
634 3335 837 3395 commutat.
874 3327 953 3408 Qua
973 3352 1081 3397 causa
1101 3338 1298 3397 commotus

97 3443 169 3510 hoe
200 3440 319 3507 feeerit
351 3461 424 3506 nen
456 3438 600 3506 difficile
631 3448 685 3507 est
713 3439 901 3526 explicatu.
956 3441 1066 3509 Nemo
1100 3448 1193 3511 enirn
1226 3466 1298 3510 non

98 3553 200 3623 videt
223 3552 387 3621 Platonis
419 3551 693 3639 Rempublioam
727 3566 759 3619 et
791 3553 904 3636 Leges
942 3555 1086 3623 solitum
1124 3560 1296 3624 sermonis

98 3673 248 3753 tempus
271 3664 379 3748 longe
405 3664 581 3743 excedere
605 3665 856 3733 veridissimile
880 3679 932 3733 est
964 3667 1207 3754 colloquentes
1237 3692 1300 3755 per

98 3780 224 3847 decem
248 3777 306 3846 vel
330 3776 516 3845 duedecim
540 3778 647 3844 horas
672 3778 793 3845 eadem
819 3803 898 3846 cum
923 3780 1104 3848 alacritate
1128 3786 1298 3852 continuo

96 3921 145 3929 ...-
158 3921 174 3926 .-
185 3919 309 3926 ..-....-.-....

206 3986 229 4052 ¹)
249 3982 461 4056 Quaestionem
485 3984 569 4041 illam
601 3985 653 4040 diu
678 3986 867 4054 nudtumqae
893 3994 1056 4056 tractatam,
1082 3988 1212 4045 iidenme
1238 3966 1321 4046 sint

97 4073 122 4126 οἱ
141 4072 292 4144 {inceperet
310 4069 381 4143 λόγοι
399 4077 490 4141 atque
509 4071 620 4141 dialogi
639 4091 733 4130 necne
752 4073 861 4130 Diels
886 4060 976 4142 (liber
994 4073 1043 4130 die
1061 4073 1131 4146 λόγοι
1153 4077 1299 4149 ἐξωτερικοὶ

97 4158 152 4218 des
172 4157 267 4216 Arist.
306 4154 510 4227 Sitzungs'ber.
531 4158 584 4215 der
602 4160 680 4218 Berl.
702 4161 796 4218 arad
818 4166 884 4217 1883
902 4180 930 4230 p.
944 4167 994 4219 477
1015 4164 1099 4230 sqq),
1119 4180 1243 4231 prorsus
1261 4164 1298 4219 ad

95 4244 192 4303 finem
210 4244 393 4314 perduxisse
411 4246 484 4302 mihi
504 4244 632 4304 videtur.

1123 4371 1158 4424 (ἰὴ-
