<?xml version="1.0" encoding="UTF-8"?>
<!DOCTYPE html PUBLIC "-//W3C//DTD XHTML 1.0 Transitional//EN"
    "http://www.w3.org/TR/xhtml1/DTD/xhtml1-transitional.dtd">
<html xmlns="http://www.w3.org/1999/xhtml" xml:lang="en" lang="en">
 <head>
  <title>
</title>
<meta http-equiv="Content-Type" content="text/html;charset=utf-8" />
  <meta name='ocr-system' content='tesseract 3.04.00' />
  <meta name='ocr-capabilities' content='ocr_page ocr_carea ocr_par ocr_line ocrx_word'/>
</head>
<body>
  <div class='ocr_page' id='page_1' title='image "./arsdialogorumco00schlgoog_0020.png"; bbox 0 0 2798 4680; ppageno 0'>
   <div class='ocr_carea' id='block_1_1' title="bbox 1209 303 1291 377">
    <p class='ocr_par' dir='ltr' id='par_1_1' title="bbox 1209 303 1291 377">
     <span class='ocr_line' id='line_1_1' title="bbox 1209 303 1291 377; baseline 0 -12"><span class='ocrx_word' id='word_1_1' title='bbox 1209 374 1210 377; x_wconf 11' lang='grc' dir='ltr'><strong>ς</strong></span> <span class='ocrx_word' id='word_1_2' title='bbox 1270 303 1291 365; x_wconf 80' lang='lat' dir='ltr'>q</span> 
     </span>
    </p>
   </div>
   <div class='ocr_carea' id='block_1_2' title="bbox 87 475 1384 4308">
    <p class='ocr_par' dir='ltr' id='par_1_2' title="bbox 91 475 1384 927">
     <span class='ocr_line' id='line_1_2' title="bbox 94 475 1384 592; baseline -0.005 -18"><span class='ocrx_word' id='word_1_3' title='bbox 94 505 282 574; x_wconf 77' lang='lat' dir='ltr'><strong>Athenaeo</strong></span> <span class='ocrx_word' id='word_1_4' title='bbox 320 502 376 572; x_wconf 87' lang='lat' dir='ltr'>XI</span> <span class='ocrx_word' id='word_1_5' title='bbox 402 527 435 592; x_wconf 90' lang='lat' dir='ltr'>p.</span> <span class='ocrx_word' id='word_1_6' title='bbox 472 509 537 580; x_wconf 77' lang='lat'>505</span> <span class='ocrx_word' id='word_1_7' title='bbox 560 505 605 571; x_wconf 87' lang='lat' dir='ltr'>B:</span> <span class='ocrx_word' id='word_1_8' title='bbox 641 502 746 569; x_wconf 75' lang='grc' dir='ltr'><strong>οὐκοῦν</strong></span> <span class='ocrx_word' id='word_1_9' title='bbox 788 501 857 568; x_wconf 76' lang='grc' dir='ltr'>οὐδὲ</span> <span class='ocrx_word' id='word_1_10' title='bbox 893 504 1053 589; x_wconf 80' lang='grc' dir='ltr'>ἐμμέτρους</span> <span class='ocrx_word' id='word_1_11' title='bbox 1074 503 1152 579; x_wconf 75' lang='grc' dir='ltr'>Ιτούς</span> <span class='ocrx_word' id='word_1_12' title='bbox 1186 510 1301 569; x_wconf 76' lang='grc' dir='ltr'><strong>καλου--</strong></span> <span class='ocrx_word' id='word_1_13' title='bbox 1371 475 1384 517; x_wconf 64' lang='grc'><strong>”</strong></span> 
     </span>
     <span class='ocr_line' id='line_1_3' title="bbox 94 613 1292 707; baseline 0.003 -31"><span class='ocrx_word' id='word_1_14' title='bbox 94 618 199 700; x_wconf 64' lang='grc' dir='ltr'><strong>μένους</strong></span> <span class='ocrx_word' id='word_1_15' title='bbox 229 616 381 702; x_wconf 81' lang='grc' dir='ltr'><strong>Σώφρονος</strong></span> <span class='ocrx_word' id='word_1_16' title='bbox 413 614 516 701; x_wconf 77' lang='grc' dir='ltr'><strong>μίμους</strong></span> <span class='ocrx_word' id='word_1_17' title='bbox 547 617 588 700; x_wconf 82' lang='grc' dir='ltr'>μή</span> <span class='ocrx_word' id='word_1_18' title='bbox 612 622 711 702; x_wconf 82' lang='grc' dir='ltr'><strong>φῶμεν</strong></span> <span class='ocrx_word' id='word_1_19' title='bbox 739 616 812 680; x_wconf 82' lang='grc' dir='ltr'><strong>εἶναι</strong></span> <span class='ocrx_word' id='word_1_20' title='bbox 835 616 938 700; x_wconf 91' lang='grc' dir='ltr'><strong>λόγους</strong></span> <span class='ocrx_word' id='word_1_21' title='bbox 960 613 1010 680; x_wconf 69' lang='lat' dir='ltr'>iai</span> <span class='ocrx_word' id='word_1_22' title='bbox 1033 615 1168 700; x_wconf 74' lang='grc' dir='ltr'>μιμήσεις</span> <span class='ocrx_word' id='word_1_23' title='bbox 1191 613 1211 700; x_wconf 76' lang='grc' dir='ltr'><strong>ἢ</strong></span> <span class='ocrx_word' id='word_1_24' title='bbox 1235 617 1292 707; x_wconf 76' lang='grc' dir='ltr'>(μὴ</span> 
     </span>
     <span class='ocr_line' id='line_1_4' title="bbox 96 727 1292 813; baseline -0.006 -14"><span class='ocrx_word' id='word_1_25' title='bbox 96 731 139 800; x_wconf 88' lang='grc' dir='ltr'>Ο.</span> <span class='ocrx_word' id='word_1_26' title='bbox 164 731 265 798; x_wconf 80' lang='lat' dir='ltr'>Jahn</span> <span class='ocrx_word' id='word_1_27' title='bbox 295 729 445 798; x_wconf 78' lang='lat' dir='ltr'>Hermes</span> <span class='ocrx_word' id='word_1_28' title='bbox 466 729 501 798; x_wconf 89' lang='lat' dir='ltr'>H</span> <span class='ocrx_word' id='word_1_29' title='bbox 523 730 604 811; x_wconf 76' lang='lat'>237)</span> <span class='ocrx_word' id='word_1_30' title='bbox 641 728 776 813; x_wconf 76' lang='grc' dir='ltr'>μιμήσεις</span> <span class='ocrx_word' id='word_1_31' title='bbox 809 735 860 793; x_wconf 81' lang='grc' dir='ltr'>τοῦ</span> <span class='ocrx_word' id='word_1_32' title='bbox 892 727 1084 812; x_wconf 75' lang='grc' dir='ltr'>Ἀλεξαμενοῦ</span> <span class='ocrx_word' id='word_1_33' title='bbox 1116 735 1167 793; x_wconf 78' lang='grc' dir='ltr'>τοῦ</span> <span class='ocrx_word' id='word_1_34' title='bbox 1201 727 1292 812; x_wconf 83' lang='grc' dir='ltr'><strong>Τηίου</strong></span> 
     </span>
     <span class='ocr_line' id='line_1_5' title="bbox 91 839 1086 927; baseline -0.003 -20"><span class='ocrx_word' id='word_1_35' title='bbox 91 843 198 927; x_wconf 79' lang='grc' dir='ltr'><strong>λόγους</strong></span> <span class='ocrx_word' id='word_1_36' title='bbox 220 843 286 914; x_wconf 76' lang='grc' dir='ltr'><strong>τους</strong></span> <span class='ocrx_word' id='word_1_37' title='bbox 309 839 437 927; x_wconf 77' lang='grc' dir='ltr'><strong>πρώτους</strong></span> <span class='ocrx_word' id='word_1_38' title='bbox 459 841 620 927; x_wconf 82' lang='grc' dir='ltr'><strong>γραφέντας</strong></span> <span class='ocrx_word' id='word_1_39' title='bbox 642 847 697 904; x_wconf 77' lang='grc' dir='ltr'>τῶν</span> <span class='ocrx_word' id='word_1_40' title='bbox 718 842 910 927; x_wconf 80' lang='grc' dir='ltr'>Σωκρατικῶν</span> <span class='ocrx_word' id='word_1_41' title='bbox 933 841 1086 926; x_wconf 81' lang='grc' dir='ltr'><strong>διαλόγων.</strong></span> 
     </span>
    </p>

    <p class='ocr_par' dir='ltr' id='par_1_3' title="bbox 87 953 1378 3743">
     <span class='ocr_line' id='line_1_6' title="bbox 199 953 1292 1041; baseline -0.002 -17"><span class='ocrx_word' id='word_1_42' title='bbox 199 956 414 1039; x_wconf 80' lang='lat' dir='ltr'>Protagorae</span> <span class='ocrx_word' id='word_1_43' title='bbox 460 975 602 1041; x_wconf 92' lang='lat' dir='ltr'>quoque</span> <span class='ocrx_word' id='word_1_44' title='bbox 647 953 816 1023; x_wconf 86' lang='lat' dir='ltr'>nonnulli</span> <span class='ocrx_word' id='word_1_45' title='bbox 868 955 1002 1039; x_wconf 83' lang='lat' dir='ltr'>dialogi</span> <span class='ocrx_word' id='word_1_46' title='bbox 1048 958 1292 1030; x_wconf 80' lang='lat' dir='ltr'>inventionem</span> 
     </span>
     <span class='ocr_line' id='line_1_7' title="bbox 95 1065 1292 1153; baseline -0.001 -16"><span class='ocrx_word' id='word_1_47' title='bbox 95 1068 237 1137; x_wconf 81' lang='lat' dir='ltr'>dedisse</span> <span class='ocrx_word' id='word_1_48' title='bbox 266 1065 444 1146; x_wconf 85' lang='lat' dir='ltr'>videntur,</span> <span class='ocrx_word' id='word_1_49' title='bbox 474 1069 611 1153; x_wconf 89' lang='lat' dir='ltr'>primus</span> <span class='ocrx_word' id='word_1_50' title='bbox 641 1070 736 1135; x_wconf 88' lang='lat' dir='ltr'>enim</span> <span class='ocrx_word' id='word_1_51' title='bbox 760 1066 992 1136; x_wconf 51' lang='lat' dir='ltr'>Socraticum¹</span> <span class='ocrx_word' id='word_1_52' title='bbox 1011 1066 1152 1135; x_wconf 88' lang='lat' dir='ltr'>dicendi</span> <span class='ocrx_word' id='word_1_53' title='bbox 1177 1087 1292 1151; x_wconf 87' lang='lat' dir='ltr'>genus</span> 
     </span>
     <span class='ocr_line' id='line_1_8' title="bbox 94 1179 1293 1267; baseline -0.003 -17"><span class='ocrx_word' id='word_1_54' title='bbox 94 1185 252 1251; x_wconf 88' lang='lat' dir='ltr'>movisse</span> <span class='ocrx_word' id='word_1_55' title='bbox 276 1180 422 1258; x_wconf 88' lang='lat' dir='ltr'>dicitur;</span> <span class='ocrx_word' id='word_1_56' title='bbox 455 1179 551 1265; x_wconf 94' lang='lat' dir='ltr'>quod</span> <span class='ocrx_word' id='word_1_57' title='bbox 581 1188 701 1248; x_wconf 89' lang='lat' dir='ltr'>tamen</span> <span class='ocrx_word' id='word_1_58' title='bbox 731 1182 782 1248; x_wconf 92' lang='lat' dir='ltr'>ita</span> <span class='ocrx_word' id='word_1_59' title='bbox 805 1179 1056 1267; x_wconf 86' lang='lat' dir='ltr'>explicandum</span> <span class='ocrx_word' id='word_1_60' title='bbox 1081 1182 1156 1259; x_wconf 90' lang='lat' dir='ltr'>erit,</span> <span class='ocrx_word' id='word_1_61' title='bbox 1169 1233 1171 1237; x_wconf 46' lang='lat'><em>2</em></span> <span class='ocrx_word' id='word_1_62' title='bbox 1186 1188 1226 1249; x_wconf 90' lang='lat' dir='ltr'>ut</span> <span class='ocrx_word' id='word_1_63' title='bbox 1249 1179 1293 1247; x_wconf 91' lang='lat' dir='ltr'>de</span> 
     </span>
     <span class='ocr_line' id='line_1_9' title="bbox 95 1291 1342 1380; baseline -0.002 -19"><span class='ocrx_word' id='word_1_64' title='bbox 95 1294 219 1362; x_wconf 89' lang='lat' dir='ltr'>eadem</span> <span class='ocrx_word' id='word_1_65' title='bbox 242 1315 285 1362; x_wconf 88' lang='lat' dir='ltr'>re</span> <span class='ocrx_word' id='word_1_66' title='bbox 316 1297 354 1360; x_wconf 90' lang='lat' dir='ltr'>in</span> <span class='ocrx_word' id='word_1_67' title='bbox 384 1301 569 1379; x_wconf 88' lang='lat' dir='ltr'>utramque</span> <span class='ocrx_word' id='word_1_68' title='bbox 599 1300 736 1380; x_wconf 89' lang='lat' dir='ltr'>partem</span> <span class='ocrx_word' id='word_1_69' title='bbox 767 1316 849 1362; x_wconf 89' lang='lat' dir='ltr'>eum</span> <span class='ocrx_word' id='word_1_70' title='bbox 879 1292 1083 1380; x_wconf 90' lang='lat' dir='ltr'>disputasse</span> <span class='ocrx_word' id='word_1_71' title='bbox 1106 1314 1292 1366; x_wconf 86' lang='lat' dir='ltr'>sumamus</span> <span class='ocrx_word' id='word_1_72' title='bbox 1340 1291 1342 1295; x_wconf 75' lang='grc'><strong>’</strong></span> 
     </span>
     <span class='ocr_line' id='line_1_10' title="bbox 95 1402 1293 1490; baseline -0.003 -18"><span class='ocrx_word' id='word_1_73' title='bbox 95 1406 136 1473; x_wconf 87' lang='lat' dir='ltr'>cf.</span> <span class='ocrx_word' id='word_1_74' title='bbox 164 1405 267 1490; x_wconf 84' lang='lat' dir='ltr'>Diog.</span> <span class='ocrx_word' id='word_1_75' title='bbox 299 1405 353 1473; x_wconf 88' lang='lat' dir='ltr'>IX</span> <span class='ocrx_word' id='word_1_76' title='bbox 376 1410 434 1472; x_wconf 82' lang='lat'>51:</span> <span class='ocrx_word' id='word_1_77' title='bbox 470 1402 519 1468; x_wconf 81' lang='grc' dir='ltr'>καὶ</span> <span class='ocrx_word' id='word_1_78' title='bbox 549 1411 658 1490; x_wconf 79' lang='grc' dir='ltr'><strong>πρῶτος</strong></span> <span class='ocrx_word' id='word_1_79' title='bbox 687 1404 745 1489; x_wconf 83' lang='grc' dir='ltr'>ἔφη</span> <span class='ocrx_word' id='word_1_80' title='bbox 776 1404 828 1468; x_wconf 75' lang='lat' dir='ltr'>tto</span> <span class='ocrx_word' id='word_1_81' title='bbox 858 1405 961 1489; x_wconf 89' lang='grc' dir='ltr'><strong>λόγους</strong></span> <span class='ocrx_word' id='word_1_82' title='bbox 991 1404 1065 1468; x_wconf 84' lang='grc' dir='ltr'><strong>εἶναι</strong></span> <span class='ocrx_word' id='word_1_83' title='bbox 1092 1404 1158 1490; x_wconf 83' lang='grc' dir='ltr'><strong>περὶ</strong></span> <span class='ocrx_word' id='word_1_84' title='bbox 1188 1405 1293 1482; x_wconf 67' lang='grc' dir='ltr'><strong>πανιὸς</strong></span> 
     </span>
     <span class='ocr_line' id='line_1_11' title="bbox 87 1515 1292 1604; baseline 0.001 -24"><span class='ocrx_word' id='word_1_85' title='bbox 87 1516 264 1604; x_wconf 46' lang='grc' dir='ltr'><strong>’πράγματος</strong></span> <span class='ocrx_word' id='word_1_86' title='bbox 295 1516 506 1601; x_wconf 82' lang='grc' dir='ltr'><strong>ἀντικειμένους</strong></span> <span class='ocrx_word' id='word_1_87' title='bbox 536 1517 684 1602; x_wconf 74' lang='grc' dir='ltr'><strong>ἀλλήλοις,</strong></span> <span class='ocrx_word' id='word_1_88' title='bbox 725 1524 823 1594; x_wconf 75' lang='lat'>§532</span> <span class='ocrx_word' id='word_1_89' title='bbox 859 1515 907 1581; x_wconf 80' lang='grc' dir='ltr'>καὶ</span> <span class='ocrx_word' id='word_1_90' title='bbox 939 1523 1049 1602; x_wconf 78' lang='grc' dir='ltr'><strong>πρῶτος</strong></span> <span class='ocrx_word' id='word_1_91' title='bbox 1079 1516 1213 1590; x_wconf 75' lang='grc' dir='ltr'>ἀπέδειξε</span> <span class='ocrx_word' id='word_1_92' title='bbox 1241 1518 1292 1590; x_wconf 81' lang='grc' dir='ltr'><strong>τὰς</strong></span> 
     </span>
     <span class='ocr_line' id='line_1_12' title="bbox 93 1629 1344 1718; baseline 0.002 -24"><span class='ocrx_word' id='word_1_93' title='bbox 93 1632 165 1717; x_wconf 79' lang='grc' dir='ltr'><strong>πρὸς</strong></span> <span class='ocrx_word' id='word_1_94' title='bbox 199 1631 251 1702; x_wconf 83' lang='grc' dir='ltr'><strong>τὰς</strong></span> <span class='ocrx_word' id='word_1_95' title='bbox 286 1630 382 1701; x_wconf 74' lang='grc' dir='ltr'><strong>θέσεις</strong></span> <span class='ocrx_word' id='word_1_96' title='bbox 414 1630 617 1716; x_wconf 73' lang='grc' dir='ltr'><strong>ἐπιχειρήσεις.</strong></span> <span class='ocrx_word' id='word_1_97' title='bbox 673 1632 770 1700; x_wconf 90' lang='lat' dir='ltr'>Num</span> <span class='ocrx_word' id='word_1_98' title='bbox 804 1630 916 1702; x_wconf 90' lang='lat' dir='ltr'>libros</span> <span class='ocrx_word' id='word_1_99' title='bbox 953 1652 1095 1718; x_wconf 90' lang='lat' dir='ltr'>quoque</span> <span class='ocrx_word' id='word_1_100' title='bbox 1129 1629 1293 1699; x_wconf 88' lang='lat' dir='ltr'>similiter</span> <span class='ocrx_word' id='word_1_101' title='bbox 1340 1650 1344 1661; x_wconf 83' lang='lat'>·</span> 
     </span>
     <span class='ocr_line' id='line_1_13' title="bbox 94 1728 1292 1831; baseline -0.002 -19"><span class='ocrx_word' id='word_1_102' title='bbox 94 1746 351 1830; x_wconf 80' lang='lat' dir='ltr'>composuerit,</span> <span class='ocrx_word' id='word_1_103' title='bbox 394 1728 474 1810; x_wconf 88' lang='lat' dir='ltr'>eum</span> <span class='ocrx_word' id='word_1_104' title='bbox 518 1741 669 1811; x_wconf 88' lang='lat' dir='ltr'>discerni</span> <span class='ocrx_word' id='word_1_105' title='bbox 709 1753 879 1831; x_wconf 85' lang='lat' dir='ltr'>nequeat,</span> <span class='ocrx_word' id='word_1_106' title='bbox 920 1741 1012 1811; x_wconf 93' lang='lat' dir='ltr'>illud</span> <span class='ocrx_word' id='word_1_107' title='bbox 1053 1750 1173 1811; x_wconf 90' lang='lat' dir='ltr'>tamen</span> <span class='ocrx_word' id='word_1_108' title='bbox 1208 1741 1292 1810; x_wconf 90' lang='lat' dir='ltr'>inde</span> 
     </span>
     <span class='ocr_line' id='line_1_14' title="bbox 93 1854 1307 1942; baseline 0 -18"><span class='ocrx_word' id='word_1_109' title='bbox 93 1856 267 1925; x_wconf 80' lang='lat' dir='ltr'>discimus</span> <span class='ocrx_word' id='word_1_110' title='bbox 299 1858 451 1939; x_wconf 86' lang='lat' dir='ltr'>vestigia</span> <span class='ocrx_word' id='word_1_111' title='bbox 482 1854 656 1941; x_wconf 87' lang='lat' dir='ltr'>quaedam</span> <span class='ocrx_word' id='word_1_112' title='bbox 688 1855 885 1941; x_wconf 79' lang='lat' dir='ltr'>dialogicae</span> <span class='ocrx_word' id='word_1_113' title='bbox 915 1858 1185 1942; x_wconf 78' lang='lat' dir='ltr'>compositionis</span> <span class='ocrx_word' id='word_1_114' title='bbox 1220 1858 1307 1924; x_wconf 81' lang='lat' dir='ltr'>iam&#39;</span> 
     </span>
     <span class='ocr_line' id='line_1_15' title="bbox 92 1966 1292 2054; baseline -0.003 -17"><span class='ocrx_word' id='word_1_115' title='bbox 92 1977 178 2037; x_wconf 90' lang='lat' dir='ltr'>ante</span> <span class='ocrx_word' id='word_1_116' title='bbox 207 1968 387 2036; x_wconf 80' lang='lat' dir='ltr'>Socratem</span> <span class='ocrx_word' id='word_1_117' title='bbox 420 1971 599 2036; x_wconf 84' lang='lat' dir='ltr'>exstitisse</span> <span class='ocrx_word' id='word_1_118' title='bbox 631 1969 728 2054; x_wconf 91' lang='lat' dir='ltr'>quod</span> <span class='ocrx_word' id='word_1_119' title='bbox 758 1969 838 2036; x_wconf 89' lang='lat' dir='ltr'>aliis</span> <span class='ocrx_word' id='word_1_120' title='bbox 871 1989 1012 2054; x_wconf 91' lang='lat' dir='ltr'>quoque</span> <span class='ocrx_word' id='word_1_121' title='bbox 1041 1966 1130 2037; x_wconf 88' lang='lat' dir='ltr'>locis</span> <span class='ocrx_word' id='word_1_122' title='bbox 1162 1967 1292 2037; x_wconf 90' lang='lat' dir='ltr'>confir-</span> 
     </span>
     <span class='ocr_line' id='line_1_16' title="bbox 96 2079 1294 2165; baseline -0.005 -17"><span class='ocrx_word' id='word_1_123' title='bbox 96 2089 223 2149; x_wconf 90' lang='lat' dir='ltr'>matur.</span> <span class='ocrx_word' id='word_1_124' title='bbox 281 2081 323 2149; x_wconf 91' lang='lat' dir='ltr'>ln</span> <span class='ocrx_word' id='word_1_125' title='bbox 349 2079 531 2165; x_wconf 85' lang='lat' dir='ltr'>Gorgiana</span> <span class='ocrx_word' id='word_1_126' title='bbox 559 2080 698 2150; x_wconf 88' lang='lat' dir='ltr'>Helena</span> <span class='ocrx_word' id='word_1_127' title='bbox 722 2085 755 2163; x_wconf 68' lang='grc' dir='ltr'>(ἓ</span> <span class='ocrx_word' id='word_1_128' title='bbox 781 2084 837 2165; x_wconf 87' lang='grc'>13)</span> <span class='ocrx_word' id='word_1_129' title='bbox 862 2088 1191 2159; x_wconf 85' lang='lat' dir='ltr'>commemorantur·</span> <span class='ocrx_word' id='word_1_130' title='bbox 1211 2085 1294 2165; x_wconf 75' lang='grc' dir='ltr'><strong>φιλο-</strong></span> 
     </span>
     <span class='ocr_line' id='line_1_17' title="bbox 94 2191 1292 2279; baseline 0.003 -22"><span class='ocrx_word' id='word_1_131' title='bbox 94 2192 195 2278; x_wconf 79' lang='grc' dir='ltr'><strong>σόφων</strong></span> <span class='ocrx_word' id='word_1_132' title='bbox 215 2192 310 2276; x_wconf 82' lang='grc' dir='ltr'><strong>λόγων</strong></span> <span class='ocrx_word' id='word_1_133' title='bbox 330 2191 453 2277; x_wconf 78' lang='grc' dir='ltr'><strong>ἁμίλλαι</strong></span> <span class='ocrx_word' id='word_1_134' title='bbox 474 2215 564 2279; x_wconf 91' lang='lat' dir='ltr'>quae</span> <span class='ocrx_word' id='word_1_135' title='bbox 581 2198 704 2262; x_wconf 88' lang='lat' dir='ltr'>ceteris</span> <span class='ocrx_word' id='word_1_136' title='bbox 728 2193 824 2277; x_wconf 83' lang='grc' dir='ltr'><strong>λόγοις</strong></span> <span class='ocrx_word' id='word_1_137' title='bbox 847 2197 898 2262; x_wconf 90' lang='lat' dir='ltr'>ita</span> <span class='ocrx_word' id='word_1_138' title='bbox 921 2200 1162 2279; x_wconf 88' lang='lat' dir='ltr'>opponuntur,</span> <span class='ocrx_word' id='word_1_139' title='bbox 1186 2200 1226 2261; x_wconf 92' lang='lat' dir='ltr'>ut</span> <span class='ocrx_word' id='word_1_140' title='bbox 1249 2192 1292 2261; x_wconf 89' lang='lat' dir='ltr'>de</span> 
     </span>
     <span class='ocr_line' id='line_1_18' title="bbox 93 2304 1291 2393; baseline 0 -20"><span class='ocrx_word' id='word_1_141' title='bbox 93 2305 254 2390; x_wconf 89' lang='lat' dir='ltr'>dialogis</span> <span class='ocrx_word' id='word_1_142' title='bbox 279 2309 433 2390; x_wconf 88' lang='lat' dir='ltr'>cogitare</span> <span class='ocrx_word' id='word_1_143' title='bbox 456 2327 641 2390; x_wconf 88' lang='lat' dir='ltr'>cogamur;</span> <span class='ocrx_word' id='word_1_144' title='bbox 666 2307 762 2393; x_wconf 90' lang='lat' dir='ltr'>apud</span> <span class='ocrx_word' id='word_1_145' title='bbox 785 2305 1030 2392; x_wconf 81' lang='lat' dir='ltr'>Thucydidem</span> <span class='ocrx_word' id='word_1_146' title='bbox 1057 2304 1116 2386; x_wconf 92' lang='lat' dir='ltr'>(V,</span> <span class='ocrx_word' id='word_1_147' title='bbox 1135 2310 1176 2374; x_wconf 83' lang='grc'>81</span> <span class='ocrx_word' id='word_1_148' title='bbox 1198 2306 1291 2393; x_wconf 89' lang='lat' dir='ltr'>sqq.)</span> 
     </span>
     <span class='ocr_line' id='line_1_19' title="bbox 93 2417 1292 2506; baseline 0 -20"><span class='ocrx_word' id='word_1_149' title='bbox 93 2419 240 2502; x_wconf 88' lang='lat' dir='ltr'>longius</span> <span class='ocrx_word' id='word_1_150' title='bbox 276 2425 392 2486; x_wconf 84' lang='lat' dir='ltr'>exstat</span> <span class='ocrx_word' id='word_1_151' title='bbox 426 2417 647 2506; x_wconf 89' lang='lat' dir='ltr'>colloquium</span> <span class='ocrx_word' id='word_1_152' title='bbox 689 2423 780 2487; x_wconf 90' lang='lat' dir='ltr'>inter</span> <span class='ocrx_word' id='word_1_153' title='bbox 813 2419 1054 2487; x_wconf 84' lang='lat' dir='ltr'>Athenienses</span> <span class='ocrx_word' id='word_1_154' title='bbox 1094 2427 1129 2485; x_wconf 93' lang='lat' dir='ltr'>et</span> <span class='ocrx_word' id='word_1_155' title='bbox 1161 2417 1292 2489; x_wconf 88' lang='lat' dir='ltr'>Melies</span> 
     </span>
     <span class='ocr_line' id='line_1_20' title="bbox 96 2510 1293 2618; baseline 0.001 -20"><span class='ocrx_word' id='word_1_156' title='bbox 96 2510 484 2618; x_wconf 31' lang='lat' dir='ltr'>habitum—laudesque</span> <span class='ocrx_word' id='word_1_157' title='bbox 500 2537 551 2596; x_wconf 80' lang='grc' dir='ltr'>τοῦ</span> <span class='ocrx_word' id='word_1_158' title='bbox 571 2531 761 2614; x_wconf 75' lang='grc' dir='ltr'><strong>διαλέγεσθαι</strong></span> <span class='ocrx_word' id='word_1_159' title='bbox 785 2531 913 2600; x_wconf 89' lang='lat' dir='ltr'>diserte</span> <span class='ocrx_word' id='word_1_160' title='bbox 935 2530 1184 2618; x_wconf 86' lang='lat' dir='ltr'>praedicantur</span> <span class='ocrx_word' id='word_1_161' title='bbox 1207 2530 1293 2614; x_wconf 82' lang='lat'>(85);</span> 
     </span>
     <span class='ocr_line' id='line_1_21' title="bbox 98 2641 1291 2732; baseline 0.003 -23"><span class='ocrx_word' id='word_1_162' title='bbox 98 2665 120 2709; x_wconf 91' lang='lat' dir='ltr'>a</span> <span class='ocrx_word' id='word_1_163' title='bbox 149 2641 301 2711; x_wconf 88' lang='lat' dir='ltr'>Platone</span> <span class='ocrx_word' id='word_1_164' title='bbox 336 2642 489 2730; x_wconf 90' lang='lat' dir='ltr'>denique</span> <span class='ocrx_word' id='word_1_165' title='bbox 522 2644 677 2732; x_wconf 88' lang='lat' dir='ltr'>Hippiae</span> <span class='ocrx_word' id='word_1_166' title='bbox 707 2643 792 2727; x_wconf 79' lang='grc' dir='ltr'><strong>λόγος</strong></span> <span class='ocrx_word' id='word_1_167' title='bbox 825 2643 995 2713; x_wconf 88' lang='lat' dir='ltr'>laudatur</span> <span class='ocrx_word' id='word_1_168' title='bbox 1025 2647 1087 2729; x_wconf 92' lang='lat' dir='ltr'>qui</span> <span class='ocrx_word' id='word_1_169' title='bbox 1117 2647 1168 2712; x_wconf 89' lang='lat' dir='ltr'>ita</span> <span class='ocrx_word' id='word_1_170' title='bbox 1194 2666 1291 2713; x_wconf 90' lang='lat' dir='ltr'>com-</span> 
     </span>
     <span class='ocr_line' id='line_1_22' title="bbox 96 2755 1378 2843; baseline 0 -19"><span class='ocrx_word' id='word_1_171' title='bbox 96 2759 238 2842; x_wconf 91' lang='lat' dir='ltr'>positus</span> <span class='ocrx_word' id='word_1_172' title='bbox 263 2764 347 2834; x_wconf 89' lang='lat' dir='ltr'>erat,</span> <span class='ocrx_word' id='word_1_173' title='bbox 370 2763 411 2823; x_wconf 92' lang='lat' dir='ltr'>ut</span> <span class='ocrx_word' id='word_1_174' title='bbox 433 2757 563 2826; x_wconf 89' lang='lat' dir='ltr'>Nestor</span> <span class='ocrx_word' id='word_1_175' title='bbox 585 2755 820 2843; x_wconf 89' lang='lat' dir='ltr'>Neoptolemo</span> <span class='ocrx_word' id='word_1_176' title='bbox 845 2757 931 2842; x_wconf 92' lang='lat' dir='ltr'>quid</span> <span class='ocrx_word' id='word_1_177' title='bbox 954 2759 1050 2827; x_wconf 93' lang='lat' dir='ltr'>bono</span> <span class='ocrx_word' id='word_1_178' title='bbox 1074 2755 1293 2827; x_wconf 88' lang='lat' dir='ltr'>adolescenti</span> <span class='ocrx_word' id='word_1_179' title='bbox 1375 2787 1378 2799; x_wconf 66' lang='lat'><em>¹</em></span> 
     </span>
     <span class='ocr_line' id='line_1_23' title="bbox 96 2867 1290 2956; baseline 0.003 -22"><span class='ocrx_word' id='word_1_180' title='bbox 96 2867 299 2936; x_wconf 88' lang='lat' dir='ltr'>faciendum</span> <span class='ocrx_word' id='word_1_181' title='bbox 330 2877 424 2937; x_wconf 88' lang='lat' dir='ltr'>esset</span> <span class='ocrx_word' id='word_1_182' title='bbox 454 2878 645 2956; x_wconf 86' lang='lat' dir='ltr'>exponeret</span> <span class='ocrx_word' id='word_1_183' title='bbox 669 2868 791 2956; x_wconf 86' lang='lat' dir='ltr'>(Hipp.</span> <span class='ocrx_word' id='word_1_184' title='bbox 816 2873 897 2937; x_wconf 88' lang='lat' dir='ltr'>mai.</span> <span class='ocrx_word' id='word_1_185' title='bbox 922 2871 1041 2938; x_wconf 79' lang='grc' dir='ltr'><strong>286Α.</strong></span> <span class='ocrx_word' id='word_1_186' title='bbox 1056 2869 1095 2937; x_wconf 92' lang='grc' dir='ltr'>Β.</span> <span class='ocrx_word' id='word_1_187' title='bbox 1121 2869 1290 2939; x_wconf 90' lang='lat' dir='ltr'>Philostr.</span> 
     </span>
     <span class='ocr_line' id='line_1_24' title="bbox 94 2978 1292 3067; baseline 0.004 -21"><span class='ocrx_word' id='word_1_188' title='bbox 94 2978 138 3047; x_wconf 90' lang='lat' dir='ltr'>V.</span> <span class='ocrx_word' id='word_1_189' title='bbox 165 2980 198 3048; x_wconf 90' lang='lat' dir='ltr'>S.</span> <span class='ocrx_word' id='word_1_190' title='bbox 224 2981 259 3049; x_wconf 89' lang='grc' dir='ltr'>Π</span> <span class='ocrx_word' id='word_1_191' title='bbox 280 3004 314 3067; x_wconf 90' lang='lat' dir='ltr'>p.</span> <span class='ocrx_word' id='word_1_192' title='bbox 342 2988 383 3049; x_wconf 84' lang='lat'>14</span> <span class='ocrx_word' id='word_1_193' title='bbox 406 2980 457 3048; x_wconf 90' lang='lat' dir='ltr'>ed.</span> <span class='ocrx_word' id='word_1_194' title='bbox 482 2980 648 3067; x_wconf 84' lang='lat' dir='ltr'>Kayser).</span> <span class='ocrx_word' id='word_1_195' title='bbox 697 2981 775 3062; x_wconf 79' lang='lat' dir='ltr'>Quo</span> <span class='ocrx_word' id='word_1_196' title='bbox 803 2982 910 3051; x_wconf 92' lang='lat' dir='ltr'>modo</span> <span class='ocrx_word' id='word_1_197' title='bbox 935 3004 1016 3056; x_wconf 88' lang='lat' dir='ltr'>cum</span> <span class='ocrx_word' id='word_1_198' title='bbox 1041 2981 1191 3052; x_wconf 90' lang='lat' dir='ltr'>dubium</span> <span class='ocrx_word' id='word_1_199' title='bbox 1215 3003 1292 3051; x_wconf 88' lang='lat' dir='ltr'>esse</span> 
     </span>
     <span class='ocr_line' id='line_1_25' title="bbox 94 3094 1292 3180; baseline 0.003 -20"><span class='ocrx_word' id='word_1_200' title='bbox 94 3115 170 3162; x_wconf 91' lang='lat' dir='ltr'>non</span> <span class='ocrx_word' id='word_1_201' title='bbox 199 3096 326 3180; x_wconf 91' lang='lat' dir='ltr'>possit,</span> <span class='ocrx_word' id='word_1_202' title='bbox 361 3097 448 3180; x_wconf 91' lang='lat' dir='ltr'>quin</span> <span class='ocrx_word' id='word_1_203' title='bbox 483 3097 555 3162; x_wconf 91' lang='lat' dir='ltr'>iam</span> <span class='ocrx_word' id='word_1_204' title='bbox 590 3102 671 3162; x_wconf 89' lang='lat' dir='ltr'>ante</span> <span class='ocrx_word' id='word_1_205' title='bbox 702 3095 882 3164; x_wconf 80' lang='lat' dir='ltr'>Socratem</span> <span class='ocrx_word' id='word_1_206' title='bbox 911 3094 1047 3179; x_wconf 80' lang='lat' dir='ltr'>dialogi</span> <span class='ocrx_word' id='word_1_207' title='bbox 1082 3098 1292 3174; x_wconf 75' lang='lat' dir='ltr'>exstiterint</span> 
     </span>
     <span class='ocr_line' id='line_1_26' title="bbox 97 3205 1293 3296; baseline 0.001 -22"><span class='ocrx_word' id='word_1_208' title='bbox 97 3205 197 3296; x_wconf 91' lang='lat' dir='ltr'>illius</span> <span class='ocrx_word' id='word_1_209' title='bbox 220 3215 340 3274; x_wconf 90' lang='lat' dir='ltr'>tamen</span> <span class='ocrx_word' id='word_1_210' title='bbox 363 3210 452 3275; x_wconf 88' lang='lat' dir='ltr'>ratio</span> <span class='ocrx_word' id='word_1_211' title='bbox 477 3205 675 3274; x_wconf 89' lang='lat' dir='ltr'>disserendi</span> <span class='ocrx_word' id='word_1_212' title='bbox 706 3210 838 3276; x_wconf 91' lang='lat' dir='ltr'>summi</span> <span class='ocrx_word' id='word_1_213' title='bbox 865 3207 933 3275; x_wconf 87' lang='lat' dir='ltr'>fuit</span> <span class='ocrx_word' id='word_1_214' title='bbox 960 3211 1133 3277; x_wconf 91' lang='lat' dir='ltr'>momenti</span> <span class='ocrx_word' id='word_1_215' title='bbox 1156 3207 1293 3277; x_wconf 91' lang='lat' dir='ltr'>adhoc</span> 
     </span>
     <span class='ocr_line' id='line_1_27' title="bbox 95 3304 1292 3407; baseline 0.003 -22"><span class='ocrx_word' id='word_1_216' title='bbox 95 3340 210 3402; x_wconf 89' lang='lat' dir='ltr'>genus</span> <span class='ocrx_word' id='word_1_217' title='bbox 236 3304 489 3397; x_wconf 56' lang='lat' dir='ltr'>excolendum</span> <span class='ocrx_word' id='word_1_218' title='bbox 513 3320 606 3387; x_wconf 89' lang='lat' dir='ltr'>hano</span> <span class='ocrx_word' id='word_1_219' title='bbox 621 3322 716 3387; x_wconf 89' lang='lat' dir='ltr'>enim</span> <span class='ocrx_word' id='word_1_220' title='bbox 730 3323 886 3388; x_wconf 83' lang='lat' dir='ltr'>maxime</span> <span class='ocrx_word' id='word_1_221' title='bbox 910 3323 942 3387; x_wconf 91' lang='lat' dir='ltr'>ei</span> <span class='ocrx_word' id='word_1_222' title='bbox 963 3323 1144 3407; x_wconf 89' lang='lat' dir='ltr'>propriam</span> <span class='ocrx_word' id='word_1_223' title='bbox 1169 3341 1292 3389; x_wconf 88' lang='lat' dir='ltr'>omnes</span> 
     </span>
     <span class='ocr_line' id='line_1_28' title="bbox 96 3429 1294 3520; baseline 0.004 -23"><span class='ocrx_word' id='word_1_224' title='bbox 96 3431 166 3498; x_wconf 88' lang='lat' dir='ltr'>fere</span> <span class='ocrx_word' id='word_1_225' title='bbox 183 3429 442 3517; x_wconf 90' lang='lat' dir='ltr'>discipulorum</span> <span class='ocrx_word' id='word_1_226' title='bbox 460 3430 595 3516; x_wconf 76' lang='lat' dir='ltr'>dialogi</span> <span class='ocrx_word' id='word_1_227' title='bbox 618 3434 814 3511; x_wconf 82' lang='lat' dir='ltr'>imitantur,</span> <span class='ocrx_word' id='word_1_228' title='bbox 837 3431 920 3500; x_wconf 88' lang='lat' dir='ltr'>inde</span> <span class='ocrx_word' id='word_1_229' title='bbox 936 3455 1067 3502; x_wconf 92' lang='lat' dir='ltr'>nomen</span> <span class='ocrx_word' id='word_1_230' title='bbox 1084 3441 1294 3520; x_wconf 88' lang='lat' dir='ltr'>acceperunt</span> 
     </span>
     <span class='ocr_line' id='line_1_29' title="bbox 96 3538 1354 3629; baseline 0.002 -18"><span class='ocrx_word' id='word_1_231' title='bbox 96 3545 356 3611; x_wconf 84' lang='lat' dir='ltr'>Socraticorum</span> <span class='ocrx_word' id='word_1_232' title='bbox 389 3543 625 3629; x_wconf 86' lang='lat' dir='ltr'>dialogorum,</span> <span class='ocrx_word' id='word_1_233' title='bbox 656 3543 739 3612; x_wconf 89' lang='lat' dir='ltr'>inde</span> <span class='ocrx_word' id='word_1_234' title='bbox 764 3543 925 3614; x_wconf 88' lang='lat' dir='ltr'>Socrates</span> <span class='ocrx_word' id='word_1_235' title='bbox 957 3549 994 3612; x_wconf 88' lang='lat' dir='ltr'>iu</span> <span class='ocrx_word' id='word_1_236' title='bbox 1025 3547 1192 3615; x_wconf 90' lang='lat' dir='ltr'>omnibus</span> <span class='ocrx_word' id='word_1_237' title='bbox 1222 3546 1293 3614; x_wconf 83' lang='lat' dir='ltr'>sere</span> <span class='ocrx_word' id='word_1_238' title='bbox 1351 3538 1354 3547; x_wconf 50' lang='lat'><strong>¹</strong></span> 
     </span>
     <span class='ocr_line' id='line_1_30' title="bbox 96 3655 701 3743; baseline 0.002 -20"><span class='ocrx_word' id='word_1_239' title='bbox 96 3655 252 3741; x_wconf 86' lang='lat' dir='ltr'>dialogis</span> <span class='ocrx_word' id='word_1_240' title='bbox 276 3655 487 3743; x_wconf 87' lang='lat' dir='ltr'>colloquens</span> <span class='ocrx_word' id='word_1_241' title='bbox 511 3656 701 3726; x_wconf 89' lang='lat' dir='ltr'>inducitur.</span> 
     </span>
    </p>

    <p class='ocr_par' dir='ltr' id='par_1_4' title="bbox 95 3767 1368 4308">
     <span class='ocr_line' id='line_1_31' title="bbox 201 3767 1292 3856; baseline 0.004 -21"><span class='ocrx_word' id='word_1_242' title='bbox 201 3767 272 3836; x_wconf 89' lang='lat' dir='ltr'>Sed</span> <span class='ocrx_word' id='word_1_243' title='bbox 295 3771 367 3836; x_wconf 89' lang='lat' dir='ltr'>iam</span> <span class='ocrx_word' id='word_1_244' title='bbox 390 3772 555 3838; x_wconf 88' lang='lat' dir='ltr'>venimus</span> <span class='ocrx_word' id='word_1_245' title='bbox 580 3768 625 3838; x_wconf 89' lang='lat' dir='ltr'>ad</span> <span class='ocrx_word' id='word_1_246' title='bbox 648 3769 899 3838; x_wconf 86' lang='lat' dir='ltr'>difficillimam</span> <span class='ocrx_word' id='word_1_247' title='bbox 918 3769 1020 3838; x_wconf 86' lang='lat' dir='ltr'>illam</span> <span class='ocrx_word' id='word_1_248' title='bbox 1036 3775 1292 3856; x_wconf 84' lang='lat' dir='ltr'>quaestionem,</span> 
     </span>
     <span class='ocr_line' id='line_1_32' title="bbox 97 3881 1294 3970; baseline 0 -21"><span class='ocrx_word' id='word_1_249' title='bbox 97 3884 179 3966; x_wconf 89' lang='lat' dir='ltr'>quis</span> <span class='ocrx_word' id='word_1_250' title='bbox 202 3884 342 3968; x_wconf 90' lang='lat' dir='ltr'>primus</span> <span class='ocrx_word' id='word_1_251' title='bbox 367 3881 529 3966; x_wconf 87' lang='lat' dir='ltr'>dialogos</span> <span class='ocrx_word' id='word_1_252' title='bbox 553 3886 808 3970; x_wconf 86' lang='lat' dir='ltr'>composuerit;</span> <span class='ocrx_word' id='word_1_253' title='bbox 836 3904 893 3951; x_wconf 90' lang='lat' dir='ltr'>res</span> <span class='ocrx_word' id='word_1_254' title='bbox 922 3890 976 3950; x_wconf 91' lang='lat' dir='ltr'>est</span> <span class='ocrx_word' id='word_1_255' title='bbox 997 3881 1105 3951; x_wconf 85' lang='lat' dir='ltr'>valde</span> <span class='ocrx_word' id='word_1_256' title='bbox 1127 3885 1294 3951; x_wconf 87' lang='lat' dir='ltr'>intricata</span> 
     </span>
     <span class='ocr_line' id='line_1_33' title="bbox 96 3992 1294 4082; baseline 0.002 -22"><span class='ocrx_word' id='word_1_257' title='bbox 96 4003 131 4061; x_wconf 90' lang='lat' dir='ltr'>et</span> <span class='ocrx_word' id='word_1_258' title='bbox 164 3997 227 4062; x_wconf 87' lang='lat' dir='ltr'>vix</span> <span class='ocrx_word' id='word_1_259' title='bbox 266 4015 427 4080; x_wconf 91' lang='lat' dir='ltr'>unquam</span> <span class='ocrx_word' id='word_1_260' title='bbox 466 3992 619 4064; x_wconf 89' lang='lat' dir='ltr'>dissolvi</span> <span class='ocrx_word' id='word_1_261' title='bbox 651 4003 781 4082; x_wconf 87' lang='lat' dir='ltr'>potest,</span> <span class='ocrx_word' id='word_1_262' title='bbox 822 3998 992 4082; x_wconf 90' lang='lat' dir='ltr'>quoniam</span> <span class='ocrx_word' id='word_1_263' title='bbox 1026 3994 1218 4063; x_wconf 87' lang='lat' dir='ltr'>Aeschinis</span> <span class='ocrx_word' id='word_1_264' title='bbox 1259 4002 1294 4062; x_wconf 91' lang='lat' dir='ltr'>et</span> 
     </span>
     <span class='ocr_line' id='line_1_34' title="bbox 95 4106 1292 4205; baseline 0.001 -29"><span class='ocrx_word' id='word_1_265' title='bbox 95 4107 326 4176; x_wconf 88' lang='lat' dir='ltr'>Antisthenis</span> <span class='ocrx_word' id='word_1_266' title='bbox 350 4110 483 4194; x_wconf 87' lang='lat' dir='ltr'>scripta</span> <span class='ocrx_word' id='word_1_267' title='bbox 511 4110 700 4194; x_wconf 89' lang='lat' dir='ltr'>perierunt.</span> <span class='ocrx_word' id='word_1_268' title='bbox 748 4107 927 4192; x_wconf 87' lang='lat' dir='ltr'>Diogenes</span> <span class='ocrx_word' id='word_1_269' title='bbox 960 4106 1104 4194; x_wconf 90' lang='lat' dir='ltr'>quidem</span> <span class='ocrx_word' id='word_1_270' title='bbox 1126 4107 1292 4205; x_wconf 81' lang='lat' dir='ltr'>Laertius</span> 
     </span>
     <span class='ocr_line' id='line_1_35' title="bbox 95 4218 1368 4308; baseline 0.002 -22"><span class='ocrx_word' id='word_1_271' title='bbox 95 4218 205 4287; x_wconf 88' lang='lat' dir='ltr'>tradit</span> <span class='ocrx_word' id='word_1_272' title='bbox 236 4219 272 4287; x_wconf 94' lang='lat' dir='ltr'>II</span> <span class='ocrx_word' id='word_1_273' title='bbox 297 4223 359 4286; x_wconf 77' lang='lat'>122</span> <span class='ocrx_word' id='word_1_274' title='bbox 390 4221 574 4289; x_wconf 82' lang='lat' dir='ltr'>Simonem</span> <span class='ocrx_word' id='word_1_275' title='bbox 607 4223 763 4308; x_wconf 89' lang='lat' dir='ltr'>primum</span> <span class='ocrx_word' id='word_1_276' title='bbox 798 4219 959 4304; x_wconf 88' lang='lat' dir='ltr'>dialogos</span> <span class='ocrx_word' id='word_1_277' title='bbox 995 4220 1160 4300; x_wconf 84' lang='lat' dir='ltr'>edidisse,</span> <span class='ocrx_word' id='word_1_278' title='bbox 1195 4220 1294 4306; x_wconf 92' lang='lat' dir='ltr'>quod</span> <span class='ocrx_word' id='word_1_279' title='bbox 1366 4232 1368 4237; x_wconf 85' lang='lat'>&#39;</span> 
     </span>
    </p>
   </div>
   <div class='ocr_carea' id='block_1_3' title="bbox 0 0 1405 4680">
    <p class='ocr_par' dir='ltr' id='par_1_5' title="bbox 0 0 1405 4680">
     <span class='ocr_line' id='line_1_36' title="bbox 0 0 1405 4680; baseline 0 0"><span class='ocrx_word' id='word_1_280' title='bbox 0 0 1405 4680; x_wconf 95' lang='lat' dir='ltr'> </span> 
     </span>
    </p>
   </div>
  </div>
 </body>
</html>
