2798 4680
1265 314 1307 380 33

66 512 95 600 ἡ
110 514 224 578 πενία
237 515 346 579 κωλύει
362 514 472 608 ’ρὸςίτὸ
485 517 662 601 φιλοσοφεῖν,
675 514 691 578 ὁ
704 515 737 578 δὲ
750 521 871 586 πλοῦτος
885 517 924 588 εἰς
937 515 1192 602 τοῦτοχρήσιμον,
1208 517 1262 581 οὐκ
1275 512 1308 582 εὖ

58 635 173 697 eto.
207 630 262 697 ΙΠ
275 636 336 697 211
351 631 433 690 δοκεῖ
444 627 522 710 puin
535 634 589 691 τῶν
601 628 761 714 χρημάτων
773 635 870 712 κτῆσις
884 627 1016 700 σπάνεως
1029 628 1078 692 καὶ
1091 629 1202 702 ἐνδείας
1214 655 1308 716 παρα-

52 741 195 805 λύειν.
208 740 256 805 καὶ
269 748 346 819 πῶ;;
359 751 422 808 cic,
447 741 498 809 IV
511 747 573 810 164
582 744 707 828 κρεῖττον
720 739 791 827 φασὶ
804 742 835 804 τὸ
849 745 943 804 δοκεῖν
953 740 1064 806 δίκαιον
1077 742 1213 807 circitor]
1225 743 1319 808 alvom
1340 721 1342 724 Α

49 853 116 937 μὴ
149 852 211 918 καὶ
224 854 256 918 τὸ
269 857 363 918 δοκεῖν
376 853 490 937 ἀγαθὸν
503 854 575 918 εἶναι
588 859 638 917 τοῦ
652 854 724 916 εἶναι
736 839 863 938 κρέῖττόν
879 857 967 933 ἐστιν;
985 853 1088 939 ἀμέλει
1106 864 1168 924 etc.
1202 856 1308 926 Hunc

43 975 227 1036 autem
237 989 372 1035 morem
382 968 684 1054 philosophorum
694 967 838 1035 illorum
849 971 1032 1055 proprium
1042 969 1154 1039 fuisse
1165 971 1306 1040 disertis

49 1083 226 1150 verbis
252 1081 373 1148 Cicero
402 1087 555 1148 testatur
586 1080 629 1148 de
659 1080 718 1148 fin.
766 1081 844 1148 112
875 1080 991 1168 ..apud
1022 1091 1154 1151 ceteros
1186 1088 1307 1152 autem

47 1189 347 1279 philosophos
373 1197 433 1279 qui
459 1197 637 1280 quaesivit
661 1192 797 1279 aliquid
820 1200 924 1267 tacet,
949 1194 1043 1280 quod
1069 1196 1212 1280 quidem
1235 1201 1307 1266 iam

47 1301 112 1369 fit.
182 1309 218 1375 in
247 1307 442 1375 Academia
470 1307 533 1374 ubi
563 1309 658 1374 enim
687 1310 717 1374 is
750 1311 811 1393 qui
847 1307 968 1375 audire
1002 1308 1079 1376 volt
1114 1311 1165 1374 ita
1199 1308 1305 1378 dixit:

45 1419 299 1507 „voluptas
328 1420 418 1487 mihi
442 1418 582 1486 videtur
612 1441 689 1487 esse
719 1442 901 1489 summum
932 1422 1100 1501 bonum‘,
1135 1428 1308 1507 perpetua

43 1536 269 1601 oratione
303 1541 426 1601 contra
457 1532 673 1618 disputatur,
705 1540 745 1600 ut
772 1534 874 1601 facile
906 1533 1067 1617 intellegi
1098 1537 1217 1619 possit
1244 1555 1305 1603 eos

44 1646 173 1726 qui
199 1644 337 1732 aliquid
368 1647 438 1713 sibi
466 1645 576 1712 videri
612 1645 732 1713 dicant
761 1667 834 1713 non
865 1649 965 1731 ipsos
995 1651 1032 1715 in
1064 1667 1105 1714 ea
1128 1649 1307 1714 sententia

52 1773 198 1837 esse,
221 1758 284 1825 sed
308 1757 430 1826 audire
454 1758 547 1826 velle
563 1760 769 1825 contrar·ia.“
786 1759 811 1834 ¹)
847 1756 926 1825 Tali
942 1781 985 1826 ex
1002 1758 1144 1842 dialogo
1161 1759 1307 1826 fluxerit

54 1869 205 1950 quod
230 1871 384 1955 legimus
410 1871 505 1958 apud
524 1870 682 1939 Gellium
706 1878 798 1938 noct.
813 1872 887 1938 Att.
906 1872 923 1938 Ι
939 1878 969 1949 3.
986 1879 1022 1942 8:
1048 1878 1082 1939 et
1104 1872 1163 1939 hic
1186 1878 1307 1940 autem

50 1972 215 2052 Chilo
230 2039 236 2050 .
253 2039 281 2053 ..
307 2006 463 2070 quonam
488 2006 600 2070 usque
625 1982 787 2052 debuerit
816 1992 940 2052 contra
967 1985 1083 2069 legem
1115 1992 1306 2070 contraque

59 2093 156 2159 ius
188 2118 251 2182 pro
268 2101 381 2166 antico
398 2097 573 2183 progredi
598 2095 788 2175 dubitavit,
806 2151 812 2162 .
827 2150 833 2163 .
849 2150 855 2162 .
874 2104 908 2164 et
932 2096 993 2164 alii
1018 2097 1183 2183 deinceps
1200 2097 1307 2166 multi

63 2195 363 2296 philosophiae
398 2217 589 2279 sectatores
620 2216 661 2277 ut
688 2213 725 2277 in
756 2209 859 2278 libris
888 2232 1011 2278 eorum
1040 2213 1213 2296 scriptum
1241 2217 1305 2290 est,

71 2323 201 2389 satis
225 2327 384 2410 satisque
408 2322 561 2390 sollicite
586 2326 850 2409 quaesiverunt,
873 2329 914 2390 ut
931 2325 1049 2392 verbis
1067 2344 1157 2409 quae
1173 2325 1306 2409 scripta

77 2442 195 2502 sunt
216 2440 306 2521 ipsis
330 2444 425 2503 utar:
455 2437 485 2498 εἰ
508 2438 727 2520 deifica-‘laia
750 2440 799 2520 τῷ
823 2433 924 2521 φίλῳ
951 2436 1052 2520 παρὰ
1082 2437 1120 2498 τὸ
1152 2434 1305 2499 δίκαιον

84 2541 175 2608 ,ναὶ
197 2548 313 2633 μέχρι
336 2549 454 2611 πόοοο
478 2546 541 2610 καὶ
565 2548 700 2630 colai)

214 2664 275 2740 At,
299 2664 450 2747 inquies,
475 2683 594 2730 nonne
618 2660 705 2728 haec
728 2667 864 2728 certant
886 2683 966 2728 cum
990 2660 1053 2730 illo
1080 2659 1304 2746 quodmodo

104 2773 325 2842 contendisti
349 2797 454 2842 suum
480 2795 658 2860 quamque
682 2781 814 2841 sectam
837 2795 972 2842 morem
1001 2775 1225 2843 excoluisse?
1262 2796 1306 2843 en
1367 2809 1368 2812 ¹

114 2875 221 2954 habes
246 2886 395 2954 eundern
423 2886 520 2973 apud
531 2886 766 2956 Academicos
790 2895 824 2954 et
846 2885 1109 2973 Peripateticos.
1124 2925 1167 2932 —
1182 2887 1306 2974 Neque

114 2997 233 3077 paullo
259 2999 406 3068 celerius
438 3022 494 3067 me
524 2999 616 3068 illud
647 3007 753 3066 antea
783 3002 952 3067 statuisse
980 3022 1129 3086 possum
1159 3022 1305 3084 negare;

104 3104 262 3200 ISoeptici
284 3134 426 3200 quoquc
447 3119 484 3180 et
500 3111 705 3180 Academici
722 3119 757 3181 et
772 3110 973 3197 Pyrrhonei
989 3111 1306 3199 Peripateticorum

106 3239 243 3297 Increm
278 3231 409 3296 imitati
442 3234 528 3294 sunt
562 3246 702 3293 summo
732 3224 852 3292 studio
885 3228 922 3291 in
952 3232 1138 3311 utramque
1168 3234 1305 3312 partem

101 3341 335 3427 disputantes
371 3340 411 3407 cf.
444 3339 513 3407 Cic.
548 3338 590 3405 de
622 3343 705 3406 orat.
737 3337 790 3404 HI
813 3342 865 3415 21,
889 3343 945 3415 80;
981 3336 1073 3406 deor.
1108 3346 1178 3405 nat.
1203 3338 1221 3405 I
1245 3345 1304 3418 11;

97 3446 257 3525 Lucian.
287 3453 350 3521 Bis
380 3474 494 3520 accus.
526 3473 552 3518 c.
580 3456 620 3518 15
648 3471 736 3536 sqq..
766 3449 870 3534 Diog.
894 3449 949 3516 IX
973 3456 1014 3517 73
1038 3458 1073 3517 et
1093 3449 1145 3517 IV
1169 3455 1210 3518 28
1242 3451 1306 3520 ubi

91 3565 292 3638 Arcesilao
320 3565 378 3633 vel
409 3567 652 3633 inventionem
686 3564 796 3630 huius
831 3565 940 3630 moris
972 3563 1142 3631 attribuit.
1190 3560 1303 3644 Quem

95 3737 318 3755 w—

213 3840 235 3909 ¹)
254 3841 290 3897 In
309 3841 489 3899 Tusculanis
513 3838 768 3909 disputationibus
787 3838 891 3896 Cicero
912 3845 1044 3896 voterem
1068 3845 1098 3895 et
1123 3839 1302 3898 Socraticam

89 3927 273 3999 „rationem
291 3935 394 3986 contra
412 3926 537 3986 alterius
555 3925 726 3995 opinionem
751 3925 936 3983 disserendi“
962 3925 1091 3984 rotinere
1117 3926 1225 3995 studet,
1250 3925 1304 3984 sed

85 4006 163 4075 lroc
189 4032 287 4083 genus
314 4014 405 4072 nimis
433 4014 469 4071 ab
498 4013 551 4071 illo
578 4020 712 4082 tempore
739 4011 908 4080 studiisque
938 4011 1091 4071 Ciceronis
1118 4012 1302 4081 abhorrebat,

87 4113 227 4171 &emper
244 4119 315 4159 mox
334 4101 371 4158 ad
390 4100 541 4159 recentius
559 4100 637 4157 illud
655 4098 901 4156 Academicorum
921 4099 1037 4157 transit.

212 4188 232 4256 ²)
252 4187 460 4246 Conferendus
485 4205 604 4257 quoque
628 4192 675 4244 est
694 4186 797 4244 Cicero
822 4186 908 4255 epist.
931 4187 967 4243 ad
987 4188 1048 4245 Att.
1068 4186 1112 4242 IX
1132 4191 1148 4241 4
1168 4184 1216 4243 ubi
1236 4204 1303 4256 per-

95 4274 221 4334 multas
239 4274 388 4333 eiusmodi
407 4278 491 4334 θέσεις
508 4273 657 4344 proponit.
1293 4344 1300 4351 ι

1121 4380 1144 4427 ‘s
1254 4352 1360 4406 fl
