<?xml version="1.0" encoding="UTF-8"?>
<!DOCTYPE html PUBLIC "-//W3C//DTD XHTML 1.0 Transitional//EN"
    "http://www.w3.org/TR/xhtml1/DTD/xhtml1-transitional.dtd">
<html xmlns="http://www.w3.org/1999/xhtml" xml:lang="en" lang="en">
 <head>
  <title>
</title>
<meta http-equiv="Content-Type" content="text/html;charset=utf-8" />
  <meta name='ocr-system' content='tesseract 3.04.00' />
  <meta name='ocr-capabilities' content='ocr_page ocr_carea ocr_par ocr_line ocrx_word'/>
</head>
<body>
  <div class='ocr_page' id='page_1' title='image "./arsdialogorumco00schlgoog_0024.png"; bbox 0 0 2798 4680; ppageno 0'>
   <div class='ocr_carea' id='block_1_1' title="bbox 1267 304 1303 368">
    <p class='ocr_par' dir='ltr' id='par_1_1' title="bbox 1267 304 1303 368">
     <span class='ocr_line' id='line_1_1' title="bbox 1267 304 1303 368; baseline 0.028 -1"><span class='ocrx_word' id='word_1_1' title='bbox 1267 304 1303 368; x_wconf 80' lang='lat' dir='ltr'>1T1</span> 
     </span>
    </p>
   </div>
   <div class='ocr_carea' id='block_1_2' title="bbox 98 498 1384 1044">
    <p class='ocr_par' dir='ltr' id='par_1_2' title="bbox 98 498 1384 1044">
     <span class='ocr_line' id='line_1_2' title="bbox 98 498 1301 590; baseline 0.007 -20"><span class='ocrx_word' id='word_1_2' title='bbox 98 506 289 590; x_wconf 88' lang='lat' dir='ltr'>putatione</span> <span class='ocrx_word' id='word_1_3' title='bbox 319 512 519 583; x_wconf 79' lang='lat' dir='ltr'>versentur:</span> <span class='ocrx_word' id='word_1_4' title='bbox 554 527 638 574; x_wconf 90' lang='lat' dir='ltr'>nam</span> <span class='ocrx_word' id='word_1_5' title='bbox 673 509 705 574; x_wconf 91' lang='lat' dir='ltr'>si</span> <span class='ocrx_word' id='word_1_6' title='bbox 732 504 939 575; x_wconf 87' lang='lat' dir='ltr'>Duemmler</span> <span class='ocrx_word' id='word_1_7' title='bbox 974 529 1096 575; x_wconf 90' lang='lat' dir='ltr'>omnes</span> <span class='ocrx_word' id='word_1_8' title='bbox 1131 498 1228 589; x_wconf 82' lang='lat' dir='ltr'>illos,</span> <span class='ocrx_word' id='word_1_9' title='bbox 1263 512 1301 577; x_wconf 88' lang='lat' dir='ltr'>in</span> 
     </span>
     <span class='ocr_line' id='line_1_3' title="bbox 100 616 1308 705; baseline 0.002 -20"><span class='ocrx_word' id='word_1_10' title='bbox 100 617 236 702; x_wconf 90' lang='lat' dir='ltr'>quibus</span> <span class='ocrx_word' id='word_1_11' title='bbox 251 616 461 686; x_wconf 77' lang='lat' dir='ltr'>Homericae</span> <span class='ocrx_word' id='word_1_12' title='bbox 485 622 713 705; x_wconf 77' lang='lat' dir='ltr'>quaestiones</span> <span class='ocrx_word' id='word_1_13' title='bbox 737 625 944 699; x_wconf 74' lang='lat' dir='ltr'><strong>tractantur,</strong></span> <span class='ocrx_word' id='word_1_14' title='bbox 968 622 1006 687; x_wconf 90' lang='lat' dir='ltr'>in</span> <span class='ocrx_word' id='word_1_15' title='bbox 1030 618 1165 704; x_wconf 79' lang='lat' dir='ltr'>dialogi</span> <span class='ocrx_word' id='word_1_16' title='bbox 1187 620 1308 703; x_wconf 86' lang='lat' dir='ltr'>forma</span> 
     </span>
     <span class='ocr_line' id='line_1_4' title="bbox 99 730 1384 817; baseline 0.006 -22"><span class='ocrx_word' id='word_1_17' title='bbox 99 732 254 817; x_wconf 90' lang='lat' dir='ltr'>scriptos</span> <span class='ocrx_word' id='word_1_18' title='bbox 287 751 364 799; x_wconf 88' lang='lat' dir='ltr'>esse</span> <span class='ocrx_word' id='word_1_19' title='bbox 397 738 529 811; x_wconf 80' lang='lat' dir='ltr'>censet,</span> <span class='ocrx_word' id='word_1_20' title='bbox 563 735 803 809; x_wconf 85' lang='lat' dir='ltr'>coniecturam</span> <span class='ocrx_word' id='word_1_21' title='bbox 837 731 923 799; x_wconf 86' lang='lat' dir='ltr'>iacit</span> <span class='ocrx_word' id='word_1_22' title='bbox 956 730 1072 799; x_wconf 91' lang='lat' dir='ltr'>nullo</span> <span class='ocrx_word' id='word_1_23' title='bbox 1092 736 1298 802; x_wconf 86' lang='lat' dir='ltr'>testimonio</span> <span class='ocrx_word' id='word_1_24' title='bbox 1379 755 1384 767; x_wconf 52' lang='lat'>⁸</span> 
     </span>
     <span class='ocr_line' id='line_1_5' title="bbox 100 833 1298 932; baseline 0.005 -24"><span class='ocrx_word' id='word_1_25' title='bbox 100 841 368 922; x_wconf 88' lang='lat' dir='ltr'>confirmatam;</span> <span class='ocrx_word' id='word_1_26' title='bbox 389 833 502 913; x_wconf 83' lang='lat' dir='ltr'>immo</span> <span class='ocrx_word' id='word_1_27' title='bbox 526 848 606 932; x_wconf 88' lang='lat' dir='ltr'>ipsa</span> <span class='ocrx_word' id='word_1_28' title='bbox 629 843 793 913; x_wconf 79' lang='lat' dir='ltr'>Platonis</span> <span class='ocrx_word' id='word_1_29' title='bbox 818 847 959 930; x_wconf 82' lang='lat' dir='ltr'>scripta,</span> <span class='ocrx_word' id='word_1_30' title='bbox 983 848 1021 912; x_wconf 91' lang='lat' dir='ltr'>in</span> <span class='ocrx_word' id='word_1_31' title='bbox 1045 845 1298 930; x_wconf 86' lang='lat' dir='ltr'>quibusAnti·</span> 
     </span>
     <span class='ocr_line' id='line_1_6' title="bbox 101 956 1297 1044; baseline 0.002 -22"><span class='ocrx_word' id='word_1_32' title='bbox 101 956 249 1023; x_wconf 86' lang='lat' dir='ltr'>sthenes</span> <span class='ocrx_word' id='word_1_33' title='bbox 273 959 441 1041; x_wconf 75' lang='lat' dir='ltr'>tangitur,</span> <span class='ocrx_word' id='word_1_34' title='bbox 466 959 509 1026; x_wconf 91' lang='lat' dir='ltr'>ab</span> <span class='ocrx_word' id='word_1_35' title='bbox 535 979 576 1025; x_wconf 92' lang='lat' dir='ltr'>ea</span> <span class='ocrx_word' id='word_1_36' title='bbox 599 958 800 1025; x_wconf 89' lang='lat' dir='ltr'>abhorrent.</span> <span class='ocrx_word' id='word_1_37' title='bbox 835 957 887 1024; x_wconf 77' lang='lat' dir='ltr'>Of.</span> <span class='ocrx_word' id='word_1_38' title='bbox 905 956 1011 1044; x_wconf 89' lang='lat' dir='ltr'>Hipp.</span> <span class='ocrx_word' id='word_1_39' title='bbox 1030 959 1114 1026; x_wconf 90' lang='lat' dir='ltr'>min.</span> <span class='ocrx_word' id='word_1_40' title='bbox 1128 979 1161 1043; x_wconf 91' lang='lat' dir='ltr'>p.</span> <span class='ocrx_word' id='word_1_41' title='bbox 1176 964 1240 1027; x_wconf 82' lang='lat'>363</span> <span class='ocrx_word' id='word_1_42' title='bbox 1253 959 1297 1028; x_wconf 79' lang='lat' dir='ltr'>O:</span> 
     </span>
    </p>
   </div>
   <div class='ocr_carea' id='block_1_3' title="bbox 101 1065 1302 1156">
    <p class='ocr_par' dir='ltr' id='par_1_3' title="bbox 101 1065 1302 1156">
     <span class='ocr_line' id='line_1_7' title="bbox 101 1065 1302 1156; baseline 0.002 -25"><span class='ocrx_word' id='word_1_43' title='bbox 101 1068 206 1151; x_wconf 74' lang='grc' dir='ltr'>ἐπειδὴ</span> <span class='ocrx_word' id='word_1_44' title='bbox 230 1065 280 1132; x_wconf 80' lang='grc' dir='ltr'>καὶ</span> <span class='ocrx_word' id='word_1_45' title='bbox 303 1065 380 1132; x_wconf 83' lang='grc' dir='ltr'>ἄλλα</span> <span class='ocrx_word' id='word_1_46' title='bbox 403 1070 498 1133; x_wconf 78' lang='grc' dir='ltr'>πολλὰ</span> <span class='ocrx_word' id='word_1_47' title='bbox 522 1067 571 1132; x_wconf 82' lang='grc' dir='ltr'>καί</span> <span class='ocrx_word' id='word_1_48' title='bbox 593 1069 765 1132; x_wconf 77' lang='grc' dir='ltr'>παντοδαπὰ</span> <span class='ocrx_word' id='word_1_49' title='bbox 789 1068 857 1153; x_wconf 73' lang='grc' dir='ltr'>ἡμῖν</span> <span class='ocrx_word' id='word_1_50' title='bbox 880 1071 1135 1133; x_wconf 79' lang='grc' dir='ltr'>ἐπιδέδεικται</span> <span class='ocrx_word' id='word_1_51' title='bbox 1163 1069 1212 1133; x_wconf 83' lang='grc' dir='ltr'>καὶ</span> <span class='ocrx_word' id='word_1_52' title='bbox 1235 1070 1302 1156; x_wconf 80' lang='grc' dir='ltr'>περὶ</span> 
     </span>
    </p>
   </div>
   <div class='ocr_carea' id='block_1_4' title="bbox 100 1177 1300 1271">
    <p class='ocr_par' dir='ltr' id='par_1_4' title="bbox 100 1177 1300 1271">
     <span class='ocr_line' id='line_1_8' title="bbox 200 1177 1254 1206; baseline 0.007 -6"><span class='ocrx_word' id='word_1_53' title='bbox 200 1185 213 1200; x_wconf 59' lang='lat' dir='ltr'>s</span> <span class='ocrx_word' id='word_1_54' title='bbox 312 1177 326 1202; x_wconf 66' lang='lat' dir='ltr'>&gt;l</span> <span class='ocrx_word' id='word_1_55' title='bbox 463 1181 470 1202; x_wconf 82' lang='lat' dir='ltr'>l</span> <span class='ocrx_word' id='word_1_56' title='bbox 551 1181 590 1206; x_wconf 62' lang='lat' dir='ltr'>l&lt;</span> <span class='ocrx_word' id='word_1_57' title='bbox 656 1181 663 1200; x_wconf 72' lang='grc' dir='ltr'><em>Ι</em></span> <span class='ocrx_word' id='word_1_58' title='bbox 912 1180 920 1201; x_wconf 65' lang='lat' dir='ltr'>l</span> <span class='ocrx_word' id='word_1_59' title='bbox 973 1184 982 1204; x_wconf 56' lang='lat' dir='ltr'>b</span> <span class='ocrx_word' id='word_1_60' title='bbox 1031 1180 1045 1205; x_wconf 69' lang='grc' dir='ltr'>Ἀ</span> <span class='ocrx_word' id='word_1_61' title='bbox 1099 1181 1103 1184; x_wconf 77' lang='grc'><strong>”</strong></span> <span class='ocrx_word' id='word_1_62' title='bbox 1146 1184 1155 1204; x_wconf 60' lang='lat' dir='ltr'>N</span> <span class='ocrx_word' id='word_1_63' title='bbox 1248 1181 1254 1202; x_wconf 70' lang='grc' dir='ltr'><strong><em>Ι</em></strong></span> 
     </span>
     <span class='ocr_line' id='line_1_9' title="bbox 100 1181 1300 1271; baseline 0.005 -30"><span class='ocrx_word' id='word_1_64' title='bbox 100 1204 229 1262; x_wconf 81' lang='grc' dir='ltr'>ποιητων</span> <span class='ocrx_word' id='word_1_65' title='bbox 250 1205 283 1243; x_wconf 86' lang='grc' dir='ltr'>τε</span> <span class='ocrx_word' id='word_1_66' title='bbox 305 1186 403 1271; x_wconf 89' lang='grc' dir='ltr'>αλλων</span> <span class='ocrx_word' id='word_1_67' title='bbox 426 1208 476 1246; x_wconf 86' lang='grc' dir='ltr'>και</span> <span class='ocrx_word' id='word_1_68' title='bbox 498 1207 564 1268; x_wconf 84' lang='grc' dir='ltr'>περι</span> <span class='ocrx_word' id='word_1_69' title='bbox 596 1181 725 1267; x_wconf 81' lang='grc' dir='ltr'>Ομηρου.</span> <span class='ocrx_word' id='word_1_70' title='bbox 742 1181 851 1250; x_wconf 85' lang='lat' dir='ltr'><strong>363D</strong></span> <span class='ocrx_word' id='word_1_71' title='bbox 875 1207 925 1246; x_wconf 81' lang='grc' dir='ltr'>και</span> <span class='ocrx_word' id='word_1_72' title='bbox 948 1209 1003 1267; x_wconf 77' lang='grc' dir='ltr'>γαρ</span> <span class='ocrx_word' id='word_1_73' title='bbox 1026 1208 1062 1247; x_wconf 90' lang='grc' dir='ltr'>αν</span> <span class='ocrx_word' id='word_1_74' title='bbox 1078 1187 1158 1247; x_wconf 75' lang='lat' dir='ltr'>berou</span> <span class='ocrx_word' id='word_1_75' title='bbox 1177 1207 1300 1266; x_wconf 81' lang='grc' dir='ltr'>ποιοιην,</span> 
     </span>
    </p>
   </div>
   <div class='ocr_carea' id='block_1_5' title="bbox 95 1289 1322 2399">
    <p class='ocr_par' dir='ltr' id='par_1_5' title="bbox 95 1289 1322 2399">
     <span class='ocr_line' id='line_1_10' title="bbox 99 1289 1299 1383; baseline 0.003 -28"><span class='ocrx_word' id='word_1_76' title='bbox 99 1321 128 1355; x_wconf 89' lang='grc' dir='ltr'>ω</span> <span class='ocrx_word' id='word_1_77' title='bbox 150 1290 266 1370; x_wconf 69' lang='lat' dir='ltr'>Eddana,</span> <span class='ocrx_word' id='word_1_78' title='bbox 291 1296 391 1357; x_wconf 82' lang='lat' dir='ltr'>si....</span> <span class='ocrx_word' id='word_1_79' title='bbox 415 1293 462 1358; x_wconf 84' lang='grc' dir='ltr'>ἀεί</span> <span class='ocrx_word' id='word_1_80' title='bbox 487 1296 609 1359; x_wconf 80' lang='grc' dir='ltr'>ἐπανιὼν</span> <span class='ocrx_word' id='word_1_81' title='bbox 632 1291 748 1359; x_wconf 73' lang='grc' dir='ltr'>οἴκοθεν</span> <span class='ocrx_word' id='word_1_82' title='bbox 771 1297 799 1368; x_wconf 74' lang='grc' dir='ltr'>ἐξ</span> <span class='ocrx_word' id='word_1_83' title='bbox 818 1289 942 1368; x_wconf 80' lang='grc' dir='ltr'>Ἤλιδος</span> <span class='ocrx_word' id='word_1_84' title='bbox 966 1297 1007 1368; x_wconf 85' lang='grc' dir='ltr'>εἰς</span> <span class='ocrx_word' id='word_1_85' title='bbox 1028 1297 1060 1360; x_wconf 85' lang='grc' dir='ltr'>τὸ</span> <span class='ocrx_word' id='word_1_86' title='bbox 1077 1296 1152 1381; x_wconf 81' lang='grc' dir='ltr'>ἱερὸν</span> <span class='ocrx_word' id='word_1_87' title='bbox 1173 1295 1299 1383; x_wconf 82' lang='grc' dir='ltr'>παρέχω</span> 
     </span>
     <span class='ocr_line' id='line_1_11' title="bbox 98 1404 1300 1493; baseline 0 -22"><span class='ocrx_word' id='word_1_88' title='bbox 98 1407 229 1491; x_wconf 77' lang='grc' dir='ltr'>ἐμαυτὸν</span> <span class='ocrx_word' id='word_1_89' title='bbox 251 1405 301 1471; x_wconf 80' lang='grc' dir='ltr'>καί</span> <span class='ocrx_word' id='word_1_90' title='bbox 325 1408 445 1493; x_wconf 72' lang='grc' dir='ltr'>λέγοντα</span> <span class='ocrx_word' id='word_1_91' title='bbox 468 1405 512 1472; x_wconf 71' lang='grc' dir='ltr'>ὅτι</span> <span class='ocrx_word' id='word_1_92' title='bbox 535 1405 569 1472; x_wconf 80' lang='grc' dir='ltr'>ἄν</span> <span class='ocrx_word' id='word_1_93' title='bbox 593 1433 635 1479; x_wconf 84' lang='grc' dir='ltr'>τις</span> <span class='ocrx_word' id='word_1_94' title='bbox 657 1406 807 1492; x_wconf 70' lang='grc' dir='ltr'>βούληται.</span> <span class='ocrx_word' id='word_1_95' title='bbox 839 1404 877 1472; x_wconf 79' lang='grc' dir='ltr'>ὧν</span> <span class='ocrx_word' id='word_1_96' title='bbox 900 1405 935 1472; x_wconf 81' lang='grc' dir='ltr'>ἄν</span> <span class='ocrx_word' id='word_1_97' title='bbox 967 1434 1016 1493; x_wconf 80' lang='grc' dir='ltr'>μοι</span> <span class='ocrx_word' id='word_1_98' title='bbox 1046 1410 1087 1481; x_wconf 85' lang='grc' dir='ltr'>εἰς</span> <span class='ocrx_word' id='word_1_99' title='bbox 1117 1406 1300 1482; x_wconf 78' lang='grc' dir='ltr'>ἐπίδειξιν</span> 
     </span>
     <span class='ocr_line' id='line_1_12' title="bbox 99 1515 1299 1607; baseline 0.003 -26"><span class='ocrx_word' id='word_1_100' title='bbox 99 1521 450 1606; x_wconf 80' lang='grc' dir='ltr'>παρεσκευασμένον</span> <span class='ocrx_word' id='word_1_101' title='bbox 474 1515 493 1604; x_wconf 64' lang='grc' dir='ltr'>ᾗ</span> <span class='ocrx_word' id='word_1_102' title='bbox 521 1530 583 1591; x_wconf 78' lang='lat' dir='ltr'>etc.</span> <span class='ocrx_word' id='word_1_103' title='bbox 639 1521 754 1591; x_wconf 75' lang='lat'>3690</span> <span class='ocrx_word' id='word_1_104' title='bbox 785 1519 848 1584; x_wconf 84' lang='grc' dir='ltr'>ἐπεὶ</span> <span class='ocrx_word' id='word_1_105' title='bbox 878 1519 927 1584; x_wconf 88' lang='grc' dir='ltr'>καὶ</span> <span class='ocrx_word' id='word_1_106' title='bbox 957 1527 1013 1597; x_wconf 76' lang='grc' dir='ltr'>νῦν,</span> <span class='ocrx_word' id='word_1_107' title='bbox 1045 1522 1097 1585; x_wconf 77' lang='grc' dir='ltr'>ἐὰν</span> <span class='ocrx_word' id='word_1_108' title='bbox 1127 1521 1220 1607; x_wconf 71' lang='grc' dir='ltr'>βούλῃ</span> <span class='ocrx_word' id='word_1_109' title='bbox 1251 1519 1299 1585; x_wconf 80' lang='grc' dir='ltr'>ἐπὶ</span> 
     </span>
     <span class='ocr_line' id='line_1_13' title="bbox 98 1623 1298 1720; baseline -0.002 -22"><span class='ocrx_word' id='word_1_110' title='bbox 98 1623 218 1698; x_wconf 81' lang='grc' dir='ltr'>πολλῶν</span> <span class='ocrx_word' id='word_1_111' title='bbox 239 1633 401 1720; x_wconf 78' lang='grc' dir='ltr'>τεκμηρίων</span> <span class='ocrx_word' id='word_1_112' title='bbox 432 1634 618 1710; x_wconf 76' lang='grc' dir='ltr'>ἀποδείξω</span> <span class='ocrx_word' id='word_1_113' title='bbox 646 1661 692 1699; x_wconf 90' lang='grc' dir='ltr'>σοι</span> <span class='ocrx_word' id='word_1_114' title='bbox 722 1635 842 1719; x_wconf 80' lang='grc' dir='ltr'>ἱκανῷ</span> <span class='ocrx_word' id='word_1_115' title='bbox 866 1634 974 1720; x_wconf 72' lang='grc' dir='ltr'>λόγῳ,</span> <span class='ocrx_word' id='word_1_116' title='bbox 1004 1631 1139 1719; x_wconf 82' lang='grc' dir='ltr'>Ὅμηρον</span> <span class='ocrx_word' id='word_1_117' title='bbox 1157 1632 1298 1720; x_wconf 80' lang='grc' dir='ltr'>Ἀχιλλέα</span> 
     </span>
     <span class='ocr_line' id='line_1_14' title="bbox 98 1741 1322 1833; baseline 0 -23"><span class='ocrx_word' id='word_1_118' title='bbox 98 1748 294 1832; x_wconf 81' lang='grc' dir='ltr'>πεποιηκέναι</span> <span class='ocrx_word' id='word_1_119' title='bbox 320 1746 433 1832; x_wconf 79' lang='grc' dir='ltr'>ἀμείνω</span> <span class='ocrx_word' id='word_1_120' title='bbox 459 1746 626 1820; x_wconf 77' lang='grc' dir='ltr'>Ὀδυσσέως</span> <span class='ocrx_word' id='word_1_121' title='bbox 654 1745 705 1811; x_wconf 81' lang='grc' dir='ltr'>καὶ</span> <span class='ocrx_word' id='word_1_122' title='bbox 733 1747 912 1833; x_wconf 72' lang='grc' dir='ltr'>ἀψευδῆ...</span> <span class='ocrx_word' id='word_1_123' title='bbox 944 1749 969 1811; x_wconf 81' lang='grc' dir='ltr'>εἰ</span> <span class='ocrx_word' id='word_1_124' title='bbox 993 1747 1026 1811; x_wconf 71' lang='grc' dir='ltr'>δὲ</span> <span class='ocrx_word' id='word_1_125' title='bbox 1056 1745 1163 1832; x_wconf 75' lang='grc' dir='ltr'>βούλει,</span> <span class='ocrx_word' id='word_1_126' title='bbox 1195 1747 1230 1810; x_wconf 80' lang='grc' dir='ltr'>οὐ</span> <span class='ocrx_word' id='word_1_127' title='bbox 1260 1741 1322 1810; x_wconf 73' lang='lat' dir='ltr'>ord</span> 
     </span>
     <span class='ocr_line' id='line_1_15' title="bbox 98 1855 1299 1947; baseline 0.001 -25"><span class='ocrx_word' id='word_1_128' title='bbox 98 1858 341 1946; x_wconf 76' lang='grc' dir='ltr'>ἀντιπαράβαλλε</span> <span class='ocrx_word' id='word_1_129' title='bbox 365 1860 467 1945; x_wconf 65' lang='grc' dir='ltr'>λόγον</span> <span class='ocrx_word' id='word_1_130' title='bbox 490 1863 569 1947; x_wconf 77' lang='grc' dir='ltr'>παρὰ</span> <span class='ocrx_word' id='word_1_131' title='bbox 593 1859 709 1944; x_wconf 68' lang='grc' dir='ltr'>λόγον.</span> <span class='ocrx_word' id='word_1_132' title='bbox 732 1863 843 1930; x_wconf 76' lang='lat' dir='ltr'><strong>373A</strong></span> <span class='ocrx_word' id='word_1_133' title='bbox 867 1860 1011 1946; x_wconf 79' lang='grc' dir='ltr'>μακρὸν</span> <span class='ocrx_word' id='word_1_134' title='bbox 1032 1859 1098 1944; x_wconf 81' lang='grc' dir='ltr'>μὲν</span> <span class='ocrx_word' id='word_1_135' title='bbox 1118 1855 1169 1923; x_wconf 79' lang='grc' dir='ltr'>οὖν</span> <span class='ocrx_word' id='word_1_136' title='bbox 1185 1859 1299 1943; x_wconf 73' lang='grc' dir='ltr'>λόγον,</span> 
     </span>
     <span class='ocr_line' id='line_1_16' title="bbox 99 1967 1300 2059; baseline 0.007 -25"><span class='ocrx_word' id='word_1_137' title='bbox 99 1973 128 2034; x_wconf 84' lang='grc' dir='ltr'>εἰ</span> <span class='ocrx_word' id='word_1_138' title='bbox 153 1973 254 2044; x_wconf 77' lang='grc' dir='ltr'>θέλεις</span> <span class='ocrx_word' id='word_1_139' title='bbox 273 1973 375 2057; x_wconf 76' lang='grc' dir='ltr'>λέγειν,</span> <span class='ocrx_word' id='word_1_140' title='bbox 399 1967 533 2058; x_wconf 55' lang='grc' dir='ltr'>προλέρω</span> <span class='ocrx_word' id='word_1_141' title='bbox 555 2000 600 2038; x_wconf 95' lang='grc' dir='ltr'>σοι</span> <span class='ocrx_word' id='word_1_142' title='bbox 622 1970 667 2037; x_wconf 75' lang='grc' dir='ltr'>ὅτι</span> <span class='ocrx_word' id='word_1_143' title='bbox 689 1972 742 2037; x_wconf 81' lang='grc' dir='ltr'>οὐκ</span> <span class='ocrx_word' id='word_1_144' title='bbox 758 1968 793 2037; x_wconf 79' lang='grc' dir='ltr'>σ’ίν</span> <span class='ocrx_word' id='word_1_145' title='bbox 817 1998 854 2056; x_wconf 81' lang='grc' dir='ltr'>με</span> <span class='ocrx_word' id='word_1_146' title='bbox 875 1972 983 2048; x_wconf 83' lang='grc' dir='ltr'>ἰοίσαιο,</span> <span class='ocrx_word' id='word_1_147' title='bbox 1008 1977 1070 2059; x_wconf 87' lang='lat' dir='ltr'>qui</span> <span class='ocrx_word' id='word_1_148' title='bbox 1092 1973 1194 2041; x_wconf 81' lang='lat' dir='ltr'>locus</span> <span class='ocrx_word' id='word_1_149' title='bbox 1219 1996 1300 2043; x_wconf 82' lang='lat' dir='ltr'>oum</span> 
     </span>
     <span class='ocr_line' id='line_1_17' title="bbox 95 2067 1300 2175; baseline 0.003 -23"><span class='ocrx_word' id='word_1_150' title='bbox 95 2085 396 2156; x_wconf 81' lang='lat' dir='ltr'>antecedentibus</span> <span class='ocrx_word' id='word_1_151' title='bbox 421 2095 648 2175; x_wconf 88' lang='lat' dir='ltr'>comparatus</span> <span class='ocrx_word' id='word_1_152' title='bbox 672 2094 755 2174; x_wconf 86' lang='lat' dir='ltr'>apto</span> <span class='ocrx_word' id='word_1_153' title='bbox 779 2086 907 2154; x_wconf 73' lang='lat' dir='ltr'>adferri</span> <span class='ocrx_word' id='word_1_154' title='bbox 929 2067 1064 2172; x_wconf 73' lang='lat' dir='ltr'>potest</span> <span class='ocrx_word' id='word_1_155' title='bbox 1083 2107 1300 2173; x_wconf 90' lang='lat' dir='ltr'>quamquam</span> 
     </span>
     <span class='ocr_line' id='line_1_18' title="bbox 98 2197 1298 2286; baseline 0.002 -20"><span class='ocrx_word' id='word_1_156' title='bbox 98 2219 165 2285; x_wconf 85' lang='lat' dir='ltr'>per</span> <span class='ocrx_word' id='word_1_157' title='bbox 189 2220 227 2266; x_wconf 91' lang='lat' dir='ltr'>se</span> <span class='ocrx_word' id='word_1_158' title='bbox 251 2198 395 2284; x_wconf 91' lang='lat' dir='ltr'>quidem</span> <span class='ocrx_word' id='word_1_159' title='bbox 418 2197 523 2284; x_wconf 86' lang='grc' dir='ltr'>μακροὶ</span> <span class='ocrx_word' id='word_1_160' title='bbox 543 2198 624 2283; x_wconf 62' lang='grc' dir='ltr'>λόγοι</span> <span class='ocrx_word' id='word_1_161' title='bbox 646 2203 684 2267; x_wconf 93' lang='lat' dir='ltr'>in</span> <span class='ocrx_word' id='word_1_162' title='bbox 702 2199 844 2284; x_wconf 76' lang='lat' dir='ltr'>dialogo</span> <span class='ocrx_word' id='word_1_163' title='bbox 863 2213 1005 2286; x_wconf 87' lang='lat' dir='ltr'>quoque</span> <span class='ocrx_word' id='word_1_164' title='bbox 1019 2199 1139 2266; x_wconf 90' lang='lat' dir='ltr'>locum</span> <span class='ocrx_word' id='word_1_165' title='bbox 1157 2200 1298 2268; x_wconf 89' lang='lat' dir='ltr'>habent.</span> 
     </span>
     <span class='ocr_line' id='line_1_19' title="bbox 98 2310 1301 2399; baseline 0.003 -21"><span class='ocrx_word' id='word_1_166' title='bbox 98 2310 293 2379; x_wconf 88' lang='lat' dir='ltr'>Platonem</span> <span class='ocrx_word' id='word_1_167' title='bbox 334 2334 505 2398; x_wconf 86' lang='lat' dir='ltr'>personas</span> <span class='ocrx_word' id='word_1_168' title='bbox 538 2329 631 2381; x_wconf 76' lang='lat' dir='ltr'>‘suas</span> <span class='ocrx_word' id='word_1_169' title='bbox 672 2333 781 2399; x_wconf 90' lang='lat' dir='ltr'>quam</span> <span class='ocrx_word' id='word_1_170' title='bbox 826 2315 982 2380; x_wconf 85' lang='lat' dir='ltr'>maxime</span> <span class='ocrx_word' id='word_1_171' title='bbox 1027 2311 1072 2378; x_wconf 92' lang='lat' dir='ltr'>ad</span> <span class='ocrx_word' id='word_1_172' title='bbox 1114 2317 1301 2383; x_wconf 86' lang='lat' dir='ltr'>veritatem</span> 
     </span>
    </p>
   </div>
   <div class='ocr_carea' id='block_1_6' title="bbox 100 2423 1393 2510">
    <p class='ocr_par' dir='ltr' id='par_1_6' title="bbox 100 2423 1393 2510">
     <span class='ocr_line' id='line_1_20' title="bbox 100 2423 1393 2510; baseline 0.003 -19"><span class='ocrx_word' id='word_1_173' title='bbox 100 2423 302 2493; x_wconf 80' lang='lat' dir='ltr'>describere</span> <span class='ocrx_word' id='word_1_174' title='bbox 327 2428 414 2493; x_wconf 88' lang='lat' dir='ltr'>satis</span> <span class='ocrx_word' id='word_1_175' title='bbox 445 2428 536 2493; x_wconf 86' lang='lat' dir='ltr'>inter</span> <span class='ocrx_word' id='word_1_176' title='bbox 567 2447 690 2494; x_wconf 90' lang='lat' dir='ltr'>omnes</span> <span class='ocrx_word' id='word_1_177' title='bbox 720 2433 874 2503; x_wconf 86' lang='lat' dir='ltr'>constat;</span> <span class='ocrx_word' id='word_1_178' title='bbox 905 2428 1025 2510; x_wconf 90' lang='lat' dir='ltr'>itaque</span> <span class='ocrx_word' id='word_1_179' title='bbox 1055 2447 1135 2493; x_wconf 90' lang='lat' dir='ltr'>eum</span> <span class='ocrx_word' id='word_1_180' title='bbox 1165 2427 1234 2494; x_wconf 93' lang='lat' dir='ltr'>hoc</span> <span class='ocrx_word' id='word_1_181' title='bbox 1263 2429 1302 2495; x_wconf 89' lang='lat' dir='ltr'>in</span> <span class='ocrx_word' id='word_1_182' title='bbox 1391 2462 1393 2467; x_wconf 31' lang='grc' dir='ltr'>ν</span> 
     </span>
    </p>
   </div>
   <div class='ocr_carea' id='block_1_7' title="bbox 92 2536 1377 3300">
    <p class='ocr_par' dir='ltr' id='par_1_7' title="bbox 92 2536 1377 3300">
     <span class='ocr_line' id='line_1_21' title="bbox 94 2536 1302 2623; baseline 0.002 -19"><span class='ocrx_word' id='word_1_183' title='bbox 94 2536 247 2621; x_wconf 82' lang='lat' dir='ltr'>dialogo</span> <span class='ocrx_word' id='word_1_184' title='bbox 288 2561 394 2621; x_wconf 87' lang='lat' dir='ltr'>suum</span> <span class='ocrx_word' id='word_1_185' title='bbox 435 2536 633 2606; x_wconf 82' lang='lat' dir='ltr'>disserendi</span> <span class='ocrx_word' id='word_1_186' title='bbox 675 2559 810 2607; x_wconf 89' lang='lat' dir='ltr'>morem</span> <span class='ocrx_word' id='word_1_187' title='bbox 853 2539 1004 2606; x_wconf 87' lang='lat' dir='ltr'>oratorio</span> <span class='ocrx_word' id='word_1_188' title='bbox 1043 2537 1143 2606; x_wconf 87' lang='lat' dir='ltr'>illius</span> <span class='ocrx_word' id='word_1_189' title='bbox 1181 2543 1302 2623; x_wconf 83' lang='lat' dir='ltr'>generi</span> 
     </span>
     <span class='ocr_line' id='line_1_22' title="bbox 99 2648 1301 2737; baseline 0.001 -19"><span class='ocrx_word' id='word_1_190' title='bbox 99 2658 273 2737; x_wconf 85' lang='lat' dir='ltr'>opponat,</span> <span class='ocrx_word' id='word_1_191' title='bbox 289 2651 541 2719; x_wconf 84' lang='lat' dir='ltr'>veridissimile</span> <span class='ocrx_word' id='word_1_192' title='bbox 556 2658 612 2719; x_wconf 89' lang='lat' dir='ltr'>est</span> <span class='ocrx_word' id='word_1_193' title='bbox 627 2649 835 2719; x_wconf 88' lang='lat' dir='ltr'>Homericos</span> <span class='ocrx_word' id='word_1_194' title='bbox 851 2648 964 2719; x_wconf 90' lang='lat' dir='ltr'>libros</span> <span class='ocrx_word' id='word_1_195' title='bbox 981 2654 1018 2718; x_wconf 88' lang='lat' dir='ltr'>in</span> <span class='ocrx_word' id='word_1_196' title='bbox 1037 2650 1171 2736; x_wconf 89' lang='lat' dir='ltr'>dialogi</span> <span class='ocrx_word' id='word_1_197' title='bbox 1186 2651 1301 2720; x_wconf 86' lang='lat' dir='ltr'>forma</span> 
     </span>
     <span class='ocr_line' id='line_1_23' title="bbox 100 2763 1300 2850; baseline 0.001 -20"><span class='ocrx_word' id='word_1_198' title='bbox 100 2766 323 2850; x_wconf 87' lang='lat' dir='ltr'>compositos</span> <span class='ocrx_word' id='word_1_199' title='bbox 348 2763 469 2843; x_wconf 81' lang='lat' dir='ltr'>fuisse,</span> <span class='ocrx_word' id='word_1_200' title='bbox 494 2766 565 2831; x_wconf 90' lang='lat' dir='ltr'>nisi</span> <span class='ocrx_word' id='word_1_201' title='bbox 595 2763 683 2831; x_wconf 87' lang='lat' dir='ltr'>sorte</span> <span class='ocrx_word' id='word_1_202' title='bbox 713 2770 820 2849; x_wconf 90' lang='lat' dir='ltr'>putas</span> <span class='ocrx_word' id='word_1_203' title='bbox 844 2764 1099 2832; x_wconf 89' lang='lat' dir='ltr'>Antisthenem</span> <span class='ocrx_word' id='word_1_204' title='bbox 1127 2785 1300 2850; x_wconf 88' lang='lat' dir='ltr'>personas</span> 
     </span>
     <span class='ocr_line' id='line_1_24' title="bbox 100 2875 1302 2963; baseline 0.002 -21"><span class='ocrx_word' id='word_1_205' title='bbox 100 2897 189 2943; x_wconf 89' lang='lat' dir='ltr'>suas</span> <span class='ocrx_word' id='word_1_206' title='bbox 219 2883 392 2963; x_wconf 87' lang='lat' dir='ltr'>perpetua</span> <span class='ocrx_word' id='word_1_207' title='bbox 419 2879 578 2945; x_wconf 89' lang='lat' dir='ltr'>oratione</span> <span class='ocrx_word' id='word_1_208' title='bbox 608 2875 853 2962; x_wconf 88' lang='lat' dir='ltr'>colloquentes</span> <span class='ocrx_word' id='word_1_209' title='bbox 885 2876 1080 2944; x_wconf 86' lang='lat' dir='ltr'>induxisse.</span> <span class='ocrx_word' id='word_1_210' title='bbox 1138 2876 1302 2946; x_wconf 89' lang='lat' dir='ltr'>Oratoria</span> 
     </span>
     <span class='ocr_line' id='line_1_25' title="bbox 95 2983 1300 3076; baseline -0.004 -21"><span class='ocrx_word' id='word_1_211' title='bbox 95 2991 181 3055; x_wconf 82' lang='lat' dir='ltr'>eius</span> <span class='ocrx_word' id='word_1_212' title='bbox 205 2988 324 3057; x_wconf 91' lang='lat' dir='ltr'>studia</span> <span class='ocrx_word' id='word_1_213' title='bbox 347 2997 497 3058; x_wconf 88' lang='lat' dir='ltr'>testatur</span> <span class='ocrx_word' id='word_1_214' title='bbox 521 3011 664 3076; x_wconf 90' lang='lat' dir='ltr'>quoque</span> <span class='ocrx_word' id='word_1_215' title='bbox 683 2988 863 3074; x_wconf 90' lang='lat' dir='ltr'>Diogenes</span> <span class='ocrx_word' id='word_1_216' title='bbox 880 2987 981 3056; x_wconf 88' lang='lat' dir='ltr'>Vll:</span> <span class='ocrx_word' id='word_1_217' title='bbox 1005 2983 1089 3060; x_wconf 84' lang='grc' dir='ltr'>οὗτος</span> <span class='ocrx_word' id='word_1_218' title='bbox 1111 2987 1176 3051; x_wconf 81' lang='grc' dir='ltr'>κατ’</span> <span class='ocrx_word' id='word_1_219' title='bbox 1203 2987 1300 3075; x_wconf 79' lang='grc' dir='ltr'>ἀρχὰς</span> 
     </span>
     <span class='ocr_line' id='line_1_26' title="bbox 98 3096 1376 3192; baseline 0.001 -29"><span class='ocrx_word' id='word_1_220' title='bbox 98 3099 155 3184; x_wconf 77' lang='grc' dir='ltr'>μέν</span> <span class='ocrx_word' id='word_1_221' title='bbox 189 3096 297 3182; x_wconf 76' lang='grc' dir='ltr'>ἤκουσε</span> <span class='ocrx_word' id='word_1_222' title='bbox 330 3101 353 3164; x_wconf 91' lang='grc' dir='ltr'><strong><em>Γ</em></strong></span> <span class='ocrx_word' id='word_1_223' title='bbox 354 3099 451 3185; x_wconf 69' lang='grc' dir='ltr'>οργίου</span> <span class='ocrx_word' id='word_1_224' title='bbox 485 3108 537 3166; x_wconf 82' lang='grc' dir='ltr'>τοῦ</span> <span class='ocrx_word' id='word_1_225' title='bbox 570 3101 698 3187; x_wconf 70' lang='grc' dir='ltr'>ῥήτορος,</span> <span class='ocrx_word' id='word_1_226' title='bbox 732 3099 803 3165; x_wconf 68' lang='lat' dir='ltr'>toa</span> <span class='ocrx_word' id='word_1_227' title='bbox 836 3101 868 3165; x_wconf 83' lang='grc' dir='ltr'>τὸ</span> <span class='ocrx_word' id='word_1_228' title='bbox 901 3101 1050 3192; x_wconf 71' lang='grc' dir='ltr'>’ρητορικὸν</span> <span class='ocrx_word' id='word_1_229' title='bbox 1081 3099 1155 3172; x_wconf 79' lang='grc' dir='ltr'>εἶδος</span> <span class='ocrx_word' id='word_1_230' title='bbox 1183 3103 1214 3165; x_wconf 82' lang='grc' dir='ltr'>ἐν</span> <span class='ocrx_word' id='word_1_231' title='bbox 1243 3103 1301 3173; x_wconf 82' lang='grc' dir='ltr'>τοῖς</span> <span class='ocrx_word' id='word_1_232' title='bbox 1373 3138 1376 3142; x_wconf 49' lang='grc'><strong><em>’</em></strong></span> 
     </span>
     <span class='ocr_line' id='line_1_27' title="bbox 92 3211 1377 3300; baseline 0 -24"><span class='ocrx_word' id='word_1_233' title='bbox 92 3211 248 3296; x_wconf 69' lang='grc' dir='ltr'>διαλόγοις</span> <span class='ocrx_word' id='word_1_234' title='bbox 272 3215 402 3300; x_wconf 73' lang='grc' dir='ltr'>ἐπιφέρει</span> <span class='ocrx_word' id='word_1_235' title='bbox 425 3212 474 3278; x_wconf 86' lang='grc' dir='ltr'>καί</span> <span class='ocrx_word' id='word_1_236' title='bbox 490 3214 616 3299; x_wconf 76' lang='grc' dir='ltr'>μάλιστα</span> <span class='ocrx_word' id='word_1_237' title='bbox 633 3217 662 3278; x_wconf 84' lang='grc' dir='ltr'>ἐν</span> <span class='ocrx_word' id='word_1_238' title='bbox 679 3220 715 3300; x_wconf 74' lang='grc' dir='ltr'>τῇ</span> <span class='ocrx_word' id='word_1_239' title='bbox 732 3212 873 3299; x_wconf 75' lang='grc' dir='ltr'>Ἀληθείᾳ</span> <span class='ocrx_word' id='word_1_240' title='bbox 889 3211 1012 3285; x_wconf 80' lang='grc' dir='ltr'>καὶτοῖς</span> <span class='ocrx_word' id='word_1_241' title='bbox 1030 3213 1298 3298; x_wconf 68' lang='grc' dir='ltr'>Προτρεπτικοῖς;1)</span> <span class='ocrx_word' id='word_1_242' title='bbox 1375 3245 1377 3251; x_wconf 53' lang='lat'><strong>⁴</strong></span> 
     </span>
    </p>
   </div>
   <div class='ocr_carea' id='block_1_8' title="bbox 93 3462 1304 4314">
    <p class='ocr_par' dir='ltr' id='par_1_8' title="bbox 93 3462 1304 4314">
     <span class='ocr_line' id='line_1_28' title="bbox 210 3462 1301 3534; baseline -0.001 -13"><span class='ocrx_word' id='word_1_243' title='bbox 210 3464 230 3530; x_wconf 92' lang='lat' dir='ltr'>l)</span> <span class='ocrx_word' id='word_1_244' title='bbox 249 3463 294 3521; x_wconf 91' lang='lat' dir='ltr'>De</span> <span class='ocrx_word' id='word_1_245' title='bbox 313 3463 428 3532; x_wconf 85' lang='lat' dir='ltr'>origine</span> <span class='ocrx_word' id='word_1_246' title='bbox 443 3465 695 3534; x_wconf 86' lang='lat' dir='ltr'>protreptioorum</span> <span class='ocrx_word' id='word_1_247' title='bbox 708 3463 820 3533; x_wconf 89' lang='lat' dir='ltr'>optime</span> <span class='ocrx_word' id='word_1_248' title='bbox 833 3463 986 3521; x_wconf 85' lang='lat' dir='ltr'>Hirzelius</span> <span class='ocrx_word' id='word_1_249' title='bbox 998 3463 1030 3520; x_wconf 89' lang='lat' dir='ltr'>in</span> <span class='ocrx_word' id='word_1_250' title='bbox 1043 3462 1159 3520; x_wconf 89' lang='lat' dir='ltr'>decimo</span> <span class='ocrx_word' id='word_1_251' title='bbox 1171 3462 1301 3520; x_wconf 88' lang='lat' dir='ltr'>Hermae</span> 
     </span>
     <span class='ocr_line' id='line_1_29' title="bbox 98 3548 1301 3621; baseline 0.002 -15"><span class='ocrx_word' id='word_1_252' title='bbox 98 3558 183 3607; x_wconf 86' lang='lat' dir='ltr'>torno</span> <span class='ocrx_word' id='word_1_253' title='bbox 202 3568 230 3619; x_wconf 85' lang='lat' dir='ltr'>p.</span> <span class='ocrx_word' id='word_1_254' title='bbox 245 3557 278 3608; x_wconf 83' lang='lat'>69</span> <span class='ocrx_word' id='word_1_255' title='bbox 291 3568 357 3621; x_wconf 86' lang='lat' dir='ltr'>sqq.</span> <span class='ocrx_word' id='word_1_256' title='bbox 377 3550 559 3620; x_wconf 79' lang='lat' dir='ltr'>disputavit3</span> <span class='ocrx_word' id='word_1_257' title='bbox 579 3570 640 3610; x_wconf 91' lang='lat' dir='ltr'>non</span> <span class='ocrx_word' id='word_1_258' title='bbox 658 3558 739 3609; x_wconf 89' lang='lat' dir='ltr'>recte</span> <span class='ocrx_word' id='word_1_259' title='bbox 758 3556 859 3608; x_wconf 68' lang='lat' dir='ltr'>alitem·</span> <span class='ocrx_word' id='word_1_260' title='bbox 876 3550 947 3607; x_wconf 88' lang='lat' dir='ltr'>inde</span> <span class='ocrx_word' id='word_1_261' title='bbox 966 3549 1115 3608; x_wconf 87' lang='lat' dir='ltr'>conclusit</span> <span class='ocrx_word' id='word_1_262' title='bbox 1127 3548 1301 3608; x_wconf 84' lang='lat' dir='ltr'>Aristotelis</span> 
     </span>
     <span class='ocr_line' id='line_1_30' title="bbox 99 3635 1301 3710; baseline 0.002 -19"><span class='ocrx_word' id='word_1_263' title='bbox 99 3637 292 3710; x_wconf 77' lang='grc' dir='ltr'>προτρεπτικὸν</span> <span class='ocrx_word' id='word_1_264' title='bbox 311 3637 344 3694; x_wconf 91' lang='lat' dir='ltr'>in</span> <span class='ocrx_word' id='word_1_265' title='bbox 362 3638 491 3696; x_wconf 84' lang='lat' dir='ltr'>oratoria.</span> <span class='ocrx_word' id='word_1_266' title='bbox 508 3639 605 3696; x_wconf 85' lang='lat' dir='ltr'>forma</span> <span class='ocrx_word' id='word_1_267' title='bbox 622 3637 822 3708; x_wconf 87' lang='lat' dir='ltr'>compositum</span> <span class='ocrx_word' id='word_1_268' title='bbox 833 3637 942 3695; x_wconf 80' lang='lat' dir='ltr'>fuisse.</span> <span class='ocrx_word' id='word_1_269' title='bbox 979 3636 1038 3694; x_wconf 91' lang='lat' dir='ltr'>Hic</span> <span class='ocrx_word' id='word_1_270' title='bbox 1057 3635 1139 3694; x_wconf 88' lang='lat' dir='ltr'>enim</span> <span class='ocrx_word' id='word_1_271' title='bbox 1156 3635 1301 3704; x_wconf 84' lang='lat' dir='ltr'>Diogenis</span> 
     </span>
     <span class='ocr_line' id='line_1_31' title="bbox 96 3721 1301 3794; baseline -0.002 -13"><span class='ocrx_word' id='word_1_272' title='bbox 96 3725 188 3781; x_wconf 86' lang='lat' dir='ltr'>locus</span> <span class='ocrx_word' id='word_1_273' title='bbox 213 3724 340 3783; x_wconf 88' lang='lat' dir='ltr'>collatus</span> <span class='ocrx_word' id='word_1_274' title='bbox 364 3743 434 3783; x_wconf 89' lang='lat' dir='ltr'>cum</span> <span class='ocrx_word' id='word_1_275' title='bbox 458 3724 595 3783; x_wconf 84' lang='lat' dir='ltr'>Platonis</span> <span class='ocrx_word' id='word_1_276' title='bbox 618 3724 709 3794; x_wconf 83' lang='lat' dir='ltr'>Hipp.</span> <span class='ocrx_word' id='word_1_277' title='bbox 729 3724 798 3794; x_wconf 80' lang='lat' dir='ltr'>maj.</span> <span class='ocrx_word' id='word_1_278' title='bbox 824 3744 852 3794; x_wconf 86' lang='lat' dir='ltr'>p.</span> <span class='ocrx_word' id='word_1_279' title='bbox 872 3725 960 3782; x_wconf 78' lang='lat' dir='ltr'><strong>286A</strong></span> <span class='ocrx_word' id='word_1_280' title='bbox 983 3723 1142 3780; x_wconf 86' lang='lat' dir='ltr'>manifeste</span> <span class='ocrx_word' id='word_1_281' title='bbox 1167 3721 1301 3780; x_wconf 88' lang='lat' dir='ltr'>ostendit</span> 
     </span>
     <span class='ocr_line' id='line_1_32' title="bbox 99 3809 1301 3881; baseline -0.002 -13"><span class='ocrx_word' id='word_1_282' title='bbox 99 3809 292 3868; x_wconf 86' lang='lat' dir='ltr'>orationibus</span> <span class='ocrx_word' id='word_1_283' title='bbox 310 3830 387 3881; x_wconf 87' lang='lat' dir='ltr'>quae</span> <span class='ocrx_word' id='word_1_284' title='bbox 406 3829 554 3870; x_wconf 87' lang='lat' dir='ltr'>summam</span> <span class='ocrx_word' id='word_1_285' title='bbox 567 3811 691 3880; x_wconf 89' lang='lat' dir='ltr'>quidem</span> <span class='ocrx_word' id='word_1_286' title='bbox 708 3817 825 3881; x_wconf 90' lang='lat' dir='ltr'>partem</span> <span class='ocrx_word' id='word_1_287' title='bbox 838 3816 986 3879; x_wconf 85' lang='lat' dir='ltr'>occupant</span> <span class='ocrx_word' id='word_1_288' title='bbox 998 3809 1150 3878; x_wconf 85' lang='lat' dir='ltr'>dialogum</span> <span class='ocrx_word' id='word_1_289' title='bbox 1162 3827 1301 3867; x_wconf 91' lang='lat' dir='ltr'>nonnun-</span> 
     </span>
     <span class='ocr_line' id='line_1_33' title="bbox 100 3895 1303 3967; baseline -0.001 -13"><span class='ocrx_word' id='word_1_290' title='bbox 100 3915 198 3967; x_wconf 87' lang='lat' dir='ltr'>quam</span> <span class='ocrx_word' id='word_1_291' title='bbox 216 3898 416 3966; x_wconf 85' lang='lat' dir='ltr'>pracmissom</span> <span class='ocrx_word' id='word_1_292' title='bbox 434 3916 510 3957; x_wconf 87' lang='lat' dir='ltr'>esse.</span> <span class='ocrx_word' id='word_1_293' title='bbox 539 3899 690 3956; x_wconf 83' lang='lat' dir='ltr'>Corruunt</span> <span class='ocrx_word' id='word_1_294' title='bbox 708 3898 801 3967; x_wconf 83' lang='lat' dir='ltr'>igitur</span> <span class='ocrx_word' id='word_1_295' title='bbox 820 3916 896 3967; x_wconf 88' lang='lat' dir='ltr'>quae</span> <span class='ocrx_word' id='word_1_296' title='bbox 914 3895 1068 3955; x_wconf 83' lang='lat' dir='ltr'>Hirnelius</span> <span class='ocrx_word' id='word_1_297' title='bbox 1086 3895 1123 3953; x_wconf 85' lang='lat' dir='ltr'>de</span> <span class='ocrx_word' id='word_1_298' title='bbox 1141 3913 1199 3954; x_wconf 90' lang='lat' dir='ltr'>usu</span> <span class='ocrx_word' id='word_1_299' title='bbox 1217 3895 1303 3954; x_wconf 86' lang='lat' dir='ltr'>verbi</span> 
     </span>
     <span class='ocr_line' id='line_1_34' title="bbox 99 3981 1302 4056; baseline 0 -17"><span class='ocrx_word' id='word_1_300' title='bbox 99 3985 180 4056; x_wconf 67' lang='grc' dir='ltr'>λόγος</span> <span class='ocrx_word' id='word_1_301' title='bbox 199 3984 344 4044; x_wconf 82' lang='lat' dir='ltr'>disseruit</span> <span class='ocrx_word' id='word_1_302' title='bbox 361 3991 414 4043; x_wconf 91' lang='lat' dir='ltr'>aut</span> <span class='ocrx_word' id='word_1_303' title='bbox 432 3991 512 4044; x_wconf 85' lang='lat' dir='ltr'>certe</span> <span class='ocrx_word' id='word_1_304' title='bbox 531 3986 712 4045; x_wconf 86' lang='lat' dir='ltr'>sententiam</span> <span class='ocrx_word' id='word_1_305' title='bbox 723 3985 790 4042; x_wconf 90' lang='lat' dir='ltr'>eius</span> <span class='ocrx_word' id='word_1_306' title='bbox 801 4003 863 4042; x_wconf 93' lang='lat' dir='ltr'>non</span> <span class='ocrx_word' id='word_1_307' title='bbox 880 3984 923 4042; x_wconf 86' lang='lat' dir='ltr'>ita</span> <span class='ocrx_word' id='word_1_308' title='bbox 935 3983 1138 4053; x_wconf 85' lang='lat' dir='ltr'>comprobant,</span> <span class='ocrx_word' id='word_1_309' title='bbox 1157 3989 1191 4040; x_wconf 86' lang='lat' dir='ltr'>ut</span> <span class='ocrx_word' id='word_1_310' title='bbox 1204 3981 1302 4041; x_wconf 91' lang='lat' dir='ltr'>omnis</span> 
     </span>
     <span class='ocr_line' id='line_1_35' title="bbox 97 4069 1302 4145; baseline -0.001 -17"><span class='ocrx_word' id='word_1_311' title='bbox 97 4071 252 4130; x_wconf 87' lang='lat' dir='ltr'>dubitatio</span> <span class='ocrx_word' id='word_1_312' title='bbox 280 4072 412 4130; x_wconf 83' lang='lat' dir='ltr'>tollatur.</span> <span class='ocrx_word' id='word_1_313' title='bbox 459 4071 607 4145; x_wconf 81' lang='lat' dir='ltr'>Quoniam</span> <span class='ocrx_word' id='word_1_314' title='bbox 632 4080 735 4130; x_wconf 71' lang='lat' dir='ltr'>atatem</span> <span class='ocrx_word' id='word_1_315' title='bbox 760 4072 864 4130; x_wconf 82' lang='lat' dir='ltr'>Cicero</span> <span class='ocrx_word' id='word_1_316' title='bbox 891 4071 924 4128; x_wconf 93' lang='lat' dir='ltr'>in</span> <span class='ocrx_word' id='word_1_317' title='bbox 951 4070 1069 4139; x_wconf 85' lang='lat' dir='ltr'>dialogo</span> <span class='ocrx_word' id='word_1_318' title='bbox 1095 4069 1302 4140; x_wconf 83' lang='lat' dir='ltr'>componendo</span> 
     </span>
     <span class='ocr_line' id='line_1_36' title="bbox 93 4155 1301 4228; baseline -0.003 -11"><span class='ocrx_word' id='word_1_319' title='bbox 93 4157 278 4217; x_wconf 85' lang='lat' dir='ltr'>Aristotelio</span> <span class='ocrx_word' id='word_1_320' title='bbox 304 4158 382 4218; x_wconf 89' lang='lat' dir='ltr'>libro</span> <span class='ocrx_word' id='word_1_321' title='bbox 409 4178 484 4218; x_wconf 89' lang='lat' dir='ltr'>usus</span> <span class='ocrx_word' id='word_1_322' title='bbox 510 4164 558 4218; x_wconf 88' lang='lat' dir='ltr'>est</span> <span class='ocrx_word' id='word_1_323' title='bbox 584 4159 719 4228; x_wconf 86' lang='lat' dir='ltr'>satisque</span> <span class='ocrx_word' id='word_1_324' title='bbox 746 4157 822 4216; x_wconf 92' lang='lat' dir='ltr'>locis</span> <span class='ocrx_word' id='word_1_325' title='bbox 848 4157 937 4215; x_wconf 91' lang='lat' dir='ltr'>modo</span> <span class='ocrx_word' id='word_1_326' title='bbox 963 4155 1064 4214; x_wconf 85' lang='lat' dir='ltr'>allatis</span> <span class='ocrx_word' id='word_1_327' title='bbox 1088 4161 1207 4215; x_wconf 87' lang='lat' dir='ltr'>constat</span> <span class='ocrx_word' id='word_1_328' title='bbox 1233 4174 1301 4226; x_wconf 86' lang='lat' dir='ltr'>pro-</span> 
     </span>
     <span class='ocr_line' id='line_1_37' title="bbox 93 4241 1304 4314; baseline -0.003 -9"><span class='ocrx_word' id='word_1_329' title='bbox 93 4243 299 4314; x_wconf 80' lang='lat' dir='ltr'>trepticoru&#39;m</span> <span class='ocrx_word' id='word_1_330' title='bbox 327 4264 440 4304; x_wconf 89' lang='lat' dir='ltr'>morem</span> <span class='ocrx_word' id='word_1_331' title='bbox 468 4265 485 4303; x_wconf 89' lang='lat' dir='ltr'>a</span> <span class='ocrx_word' id='word_1_332' title='bbox 513 4245 630 4314; x_wconf 86' lang='lat' dir='ltr'>dialogo</span> <span class='ocrx_word' id='word_1_333' title='bbox 657 4265 717 4302; x_wconf 89' lang='lat' dir='ltr'>non</span> <span class='ocrx_word' id='word_1_334' title='bbox 746 4245 919 4314; x_wconf 82' lang='lat' dir='ltr'>abhorrere,</span> <span class='ocrx_word' id='word_1_335' title='bbox 945 4244 1010 4302; x_wconf 78' lang='lat' dir='ltr'>reri</span> <span class='ocrx_word' id='word_1_336' title='bbox 1037 4250 1084 4302; x_wconf 87' lang='lat' dir='ltr'>est</span> <span class='ocrx_word' id='word_1_337' title='bbox 1112 4241 1304 4304; x_wconf 86' lang='lat' dir='ltr'>simillimum</span> 
     </span>
    </p>
   </div>
   <div class='ocr_carea' id='block_1_9' title="bbox 0 0 1404 4680">
    <p class='ocr_par' dir='ltr' id='par_1_9' title="bbox 0 0 1404 4680">
     <span class='ocr_line' id='line_1_38' title="bbox 0 0 1404 4680; baseline 0 0"><span class='ocrx_word' id='word_1_338' title='bbox 0 0 1404 4680; x_wconf 95' lang='lat' dir='ltr'> </span> 
     </span>
    </p>
   </div>
  </div>
 </body>
</html>
