2798 4680
146 305 285 397 14Ι

144 527 225 573 eum
257 509 328 573 iam
358 502 442 573 iude
474 524 642 591 apparere
665 505 756 571 mihi
784 502 936 595 videtur,
966 501 1062 588 quod
1086 522 1236 588 quaere
1262 524 1358 570 vera

144 617 236 685 facta
251 639 337 686 esse
359 616 558 700 finguntur,
580 618 750 684 maiorem
782 617 854 685 sibi
877 617 1137 701 comparabunt
1164 613 1287 693 fidem,
1315 619 1349 683 si

143 733 223 816 quis
259 750 381 798 eorum
416 732 479 815 qui
513 726 702 814 colloquiis
738 728 971 797 interfuerant
1011 726 1180 795 narrandi
1219 736 1347 814 partes

143 846 303 930 suscipit.
339 841 442 909 Hanc
466 843 511 911 ob
536 862 681 909 causam
708 841 889 928 Xenopho
918 849 963 918 et,
994 847 1174 926 quantum.
1198 840 1348 926 quidem

145 959 288 1029 scimus,
323 954 559 1022 Antisthenes
595 974 738 1039 quoquc
778 962 814 1021 et
845 953 1044 1023 Aeschines
1086 975 1225 1040 semper
1268 952 1347 1022 die·

143 1070 318 1150 gematico
338 1088 475 1151 ¹genere
503 1070 559 1134 usi
591 1075 677 1134 sunt
704 1088 836 1152 cosque
867 1088 990 1135 omnes
1022 1065 1092 1135 lere
1116 1064 1348 1150 dialogorum

144 1183 332 1265 scriptores
349 1182 461 1248 secuti
478 1188 573 1257 sunt,
597 1183 668 1247 nisi
685 1178 781 1266 quod
805 1183 830 1246 ii
851 1182 912 1264 qui
929 1179 1161 1248 catechcticos
1179 1179 1363 1266 dialogos

145 1300 423 1378 composuerunt
445 1292 676 1361 dramaticam
706 1293 855 1360 formam
885 1291 930 1359 ad
953 1291 1257 1386 Xenophonteam
1287 1297 1347 1362 in-

145 1408 350 1474 ventionem
374 1403 633 1474 emendandam
665 1403 915 1473 adhibuerunt.
973 1403 1121 1473 Accedit
1148 1403 1251 1473 locus
1284 1406 1351 1474 ille

99 1514 101 1519 ’
145 1515 326 1586 Theaeteti
341 1517 367 1600 ¹)
400 1520 463 1588 ubi
493 1517 598 1587 Plato
630 1517 771 1586 disertis
795 1519 914 1587 verbis
944 1516 1141 1605 profitetur,
1170 1517 1349 1589 referendi

144 1627 246 1697 illam
280 1630 429 1699 formam
463 1631 653 1700 molestam
693 1652 778 1698 esse.
836 1631 933 1698 Num
975 1637 1167 1718 postquam
1207 1653 1350 1699 novum

144 1763 258 1826 genus
294 1745 446 1823 invenit,
494 1743 539 1812 ad
579 1747 678 1830 prius
719 1743 898 1813 interdum
933 1742 1096 1810 redierit?
1165 1742 1350 1828 Equidem

45 1871 48 1876 ·
144 1877 218 1923 non
246 1854 358 1924 credo.

248 1967 288 2035 Si
317 1966 518 2039 *externam
568 1970 792 2055 dialogorum
850 1972 1004 2055 speciem
1048 1969 1350 2055 contemplamur,

34 2096 37 2101 ·
144 2080 320 2149 habemus
345 2085 453 2166 igitur
475 2087 544 2151 tria
566 2104 697 2167 genera
720 2105 810 2175 quae
841 2086 913 2150 iam
935 2090 1071 2149 veteres
1102 2079 1351 2150 distinxerunt

145 2191 185 2259 cf.
211 2192 315 2278 Πίος.
340 2194 455 2263 Laert.
480 2195 532 2263 ΠΙ
555 2201 612 2264 50:
648 2193 683 2258 od
714 2194 854 2259 λανθάνει
882 2192 910 2256 δ’
937 2192 1023 2278 ἡμᾶς,
1069 2191 1114 2257 ότι
1143 2193 1217 2265 τινὲς
1245 2189 1350 2267 ἄλλως

145 2305 294 2391 διαφέρειν
316 2306 381 2379 τοὺς
404 2307 557 2392 διαλόγους
585 2306 665 2394 φασὶ.
705 2307 821 2390 λέγουσι
844 2306 900 2389 γὰρ
926 2305 1018 2370 αὐτῶν
1040 2306 1107 2378 τούς
1130 2304 1181 2390 μὲν
1205 2310 1352 2392 δραματι-

109 2468 111 2475 1
144 2419 221 2496 κοός,
244 2419 310 2492 τούς
333 2419 623 2504 δὲόιηγηματικοός,
646 2420 712 2491 τούς
735 2419 768 2484 δὲ
791 2420 916 2503 μικτούς.
954 2418 1022 2484 ἀλλ’
1045 2422 1150 2484 ἐκεῖνοι
1173 2419 1225 2505 μὲν
1247 2445 1352 2506 τραγι-

55 2533 57 2539 ’
144 2537 200 2604 κῶς
223 2538 333 2618 μᾶλλον
361 2529 381 2616 ἢ
411 2531 579 2618 φιλοσόφως
609 2533 662 2618 τὴν
692 2532 836 2618 διαφορὰν
858 2537 913 2595 τῶν
936 2532 1081 2616 διαλόγων
1103 2531 1350 2617 προσωνόμασαν.

144 2643 311 2715 Proxime
342 2644 388 2714 ad
417 2646 672 2733 Xenophontis
701 2668 836 2716 morem
865 2645 1037 2714 accedunt
1064 2649 1090 2715 ii
1113 2644 1251 2730 dialogi
1284 2651 1351 2734 qui

144 2760 184 2825 in
219 2757 449 2842 diegematico
490 2780 618 2843 genere
660 2763 782 2846 scripti
824 2767 922 2827 sunt:
965 2758 1086 2844 Lysia,
1122 2757 1351 2842 Charmides,

145 2870 379 2958 Respublica
402 2880 522 2940 tamen
545 2893 590 2940 ne
612 2873 653 2940 hi
676 2871 822 2958 quidem
845 2871 952 2959 plane
976 2870 1111 2940 similes
1136 2880 1233 2950 sunt,
1262 2895 1351 2944 curn

146 2983 251 3052 Plato
282 2984 455 3053 referendi
483 2993 602 3073 partes
627 2984 782 3064 Socrati,
814 3006 888 3053 non
919 2986 989 3053 sibi
1012 2987 1083 3071 ipsi
1106 2976 1213 3053 daret.
1274 2986 1352 3068 Qui

147 3106 267 3167 autem
300 3086 430 3185 putant
464 3120 524 3166 eos
566 3098 660 3167 hanc
703 3100 747 3168 ob
792 3119 937 3166 causam
975 3101 1091 3183 magis
1127 3097 1362 3168 Socraticam·

148 3210 345 3279 doctrinam
361 3233 484 3298 sapere
495 3233 604 3298 quam
617 3220 761 3291 ceteros
774 3233 920 3298 prorsus
932 3232 1045 3279 errare
1062 3213 1153 3280 mihi
1165 3210 1348 3282 videntur.

147 3325 205 3391 Ab
249 3323 542 3394 antecedentibus
577 3347 651 3395 non
687 3323 882 3393 admodum
922 3323 1092 3394 differunt
1128 3325 1350 3408 Protagoras

148 3443 182 3504 et
206 3435 432 3514 Conuiuium,
455 3440 559 3505 mixti
581 3441 722 3522 generis
746 3435 896 3521 dialogi3
927 3437 1048 3524 prodit
1080 3425 1224 3525 quidem
1255 3439 1351 3509 alter

148 3548 389 3627 interlocutum
411 3553 556 3619 nomine
581 3557 700 3618 autem
724 3550 758 3618 et
790 3549 1027 3637 descriptione
1057 3559 1159 3619 caret.
1206 3550 1350 3622 Maiore

148 3683 228 3729 curn
253 3669 325 3729 arte
349 3661 584 3731 dramaticum
606 3685 721 3746 genus
746 3662 913 3732 adhibuit
927 3663 1032 3732 Plato
1056 3667 1094 3732 in
1111 3663 1349 3750 Euthydemo

149 3781 183 3841 et
210 3773 415 3852 Phaedone,
450 3772 720 3844 interlocutores
756 3780 955 3845 accuratius
988 3781 1129 3845 notavit
1156 3797 1273 3863 neque
1310 3782 1350 3847 in

250 3973 270 4040 ¹)
294 3974 336 4025 ἵνα
362 3968 405 4025 οὖν
432 3974 457 4024 ἐν
483 3978 515 4046 τῇ
540 3979 627 4047 γραφῇ
653 3972 689 4046 μὴ
715 3978 898 4048 παρέχοιεν
925 3973 1104 4047 πράγματα
1129 3976 1154 4028 αἱ
1179 3974 1277 4046 μεταξὺ
1297 3983 1349 4030 τῶν

147 4056 230 4129 λόγων
244 4057 380 4130 διηγήσεις,
400 4061 458 4131 περὶ
471 4055 551 4114 αὑτοῦ
564 4080 592 4114 τε
606 4059 684 4114 ὁπότε
702 4063 772 4134 λέγοι
791 4058 966 4133 aucupatur,
986 4063 1039 4115 οἷον
1058 4064 1103 4115 καὶ
1121 4059 1182 4133 ἐγὼ
1198 4063 1283 4135 ἔφην
1303 4062 1350 4118 οιαὶ

147 4143 208 4214 ἐγὼ
224 4146 318 4198 εἶπον
338 4140 397 4216 ἢαῦ
408 4148 466 4218 περὶ
478 4151 525 4200 τοῦ
536 4144 749 4221 ἀποκρινομένου,
761 4144 800 4203 ότι
820 4151 945 4222 συνέφη
961 4144 1040 4224 ἢοόχ
1059 4146 1232 4221 ὡμολόγει,
1243 4151 1351 4206 τοότων

148 4230 223 4284 ἵνεκα
243 4228 275 4291 ὡς
294 4229 370 4285 αὐτὸν
391 4229 477 4302 curci:
496 4233 676 4306 διαλεγόμενον
696 4238 802 4309 ἔγραψα,
823 4235 913 4296 ἐξελὼν
932 4233 1099 4300 τὰτοιαῦτα,
1118 4257 1146 4308 p.
1169 4241 1218 4297 143
1230 4237 1261 4296 Ο.
