2798 4680
1225 325 1267 391 53

77 534 177 598 cuius
201 539 320 599 tamen
346 531 462 600 solum
487 530 672 601 exordium
704 538 884 600 servatum
915 540 977 599 est.
1025 531 1266 614 Diegematico

75 666 202 727 genere
237 648 390 730 scriptus
419 652 483 720 est,
511 652 606 712 caret
635 647 829 731 prooemio,
858 643 1114 730 colloquuntur
1145 653 1268 713 auctor

59 744 111 824 'et
133 757 298 824 Baeticus
324 757 478 843 quidam.

180 870 383 939 Macrobius
410 874 506 956 operi
530 893 595 938 suo
624 872 770 939 titulum
795 869 890 938 dedit
915 870 1201 943 Saturnaliorum
1226 895 1268 943 ex

77 982 271 1070 tempore¹t
319 1005 388 1069 (pro
435 1007 615 1053 sermones
661 985 777 1053 habiti
820 984 1014 1068 finguntur.
1076 984 1269 1055 Distribuit
1334 980 1340 987 ’

77 1097 260 1181 dialogum
285 1101 320 1166 in
346 1104 482 1184 septem
509 1097 621 1166 libros
656 1105 688 1164 et
721 1105 889 1184 quattuor
918 1097 993 1165 dies
1024 1107 1057 1164 et
1085 1102 1268 1188 praemisit

76 1214 296 1295 prooemium
322 1233 391 1297 quo
416 1212 606 1280 consilium
632 1210 807 1280 scribendi
842 1195 1016 1297 exposuit.
1063 1211 1140 1307 Iam
1167 1219 1268 1298 post-

77 1345 183 1409 quam
210 1324 328 1402 „velut
352 1327 418 1394 suh
452 1324 606 1411 quodam
634 1325 772 1412 prologi
805 1326 952 1393 habitu‘·
987 1323 1028 1391 de
1060 1310 1269 1408 argumento

78 1441 193 1523 operis
229 1441 301 1521 egit
334 1447 366 1506 et
400 1461 633 1526 personarum
670 1439 876 1508 electionem
912 1441 1069 1523 priorum
1106 1437 1268 1524 exemplo

77 1554 277 1631 excusavit,
320 1550 506 1620 Platonico
545 1575 642 1620 more
679 1554 851 1634 (courir.)
885 1551 1035 1619 Decium
1070 1558 1104 1618 et
1138 1551 1285 1624 Postu-¹

76 1667 236 1732 mianum
261 1664 505 1750 colloquentes
530 1665 675 1734 inducit.
723 1665 854 1732 Decius
884 1686 904 1731 a
927 1664 1163 1733 Postumiano
1196 1687 1269 1732 ser-

76 1800 200 1847 mones
230 1782 266 1845 in
291 1782 455 1846 convivio
480 1801 592 1866 nuper
615 1780 758 1848 habitos
784 1774 905 1845 audire
929 1781 1028 1864 cupit
1056 1800 1145 1863 quos
1175 1776 1270 1863 apud

78 1915 200 1959 omnes
233 1895 400 1960 maximis
432 1891 603 1960 laudibus
638 1914 760 1960 ornare
793 1892 908 1960 soleat
941 1891 1045 1976 (Plat.
1072 1889 1269 1977 Apollod.).

77 2003 143 2071 Hic
168 2028 205 2072 se
229 2008 349 2092 ipsum
373 2008 537 2075 convivio
564 2007 767 2074 interfuisse
796 2011 913 2089 negat,
943 2026 1123 2073 sermones
1153 2011 1271 2073 autem

76 2118 121 2186 ab
157 2117 314 2187 Eusebio
351 2120 464 2188 amico
501 2122 562 2204 qui
597 2121 698 2188 initio
735 2142 808 2188 non
844 2121 1018 2187 invitatus
1055 2126 1128 2186 erat
1164 2117 1269 2199 (Plat.

76 2230 250 2312 Aristod.)
297 2232 479 2300 audivisse
525 2241 560 2301 et
596 2232 749 2301 libenter
792 2239 1018 2300 narraturum
1053 2252 1139 2298 esse.
1196 2231 1273 2299 Iam

76 2347 238 2429 sequitur
275 2353 358 2432 post
397 2366 545 2414 scaenae
585 2345 859 2432 descriptionem
898 2345 1023 2414 relatio
1069 2366 1273 2414 sermonum

76 2478 229 2543 quorum
261 2456 303 2524 de
333 2466 460 2527 natura
487 2460 693 2529 Macrobius
717 2459 952 2527 Eustathium
984 2457 1160 2525 dicentem
1191 2457 1274 2525 facit

74 2569 145 2637 VH
174 2576 210 2637 2:
250 2571 315 2646 ..Et
344 2579 384 2638 ut
413 2574 513 2658 prius
544 2574 609 2641 tibi
642 2571 684 2639 de
715 2575 994 2656 interrogatione
1026 2569 1273 2657 respondeam,

76 2683 241 2767 quivult
267 2706 439 2753 amoenus
464 2708 541 2753 esse
569 2685 754 2753 consultor
785 2707 825 2753 ea
855 2688 1051 2769 interrogat
1084 2704 1173 2773 quac
1203 2685 1274 2749 sint

76 2799 293 2880 interrogato
328 2798 445 2866 facilia
480 2821 655 2886 responsu
690 2808 723 2866 ct
759 2821 849 2885 quae
885 2802 974 2866 sciat
1008 2797 1115 2865 illum
1150 2794 1294 2863 sedula

76 2912 325 2979 exercitatione
350 2911 526 2981 didicisse.
576 2913 716 2981 Gaudet
739 2915 834 2981 enirn
864 2914 1028 2998 quisquis
1061 2916 1275 2997 provocatur
1302 2940 1305 2944 ·

75 3022 122 3089 ad
158 3022 355 3092 doctrinam
391 3028 426 3092 in
462 3025 619 3095 medium
654 3025 900 3113 proferendam
934 3031 1020 3093 etc.‘·
1071 3022 1175 3104 Quod
1208 3023 1275 3089 hoc

76 3138 156 3205 loco
189 3138 393 3206 Macrobius
430 3137 472 3206 de
508 3142 734 3209 sermonibus
769 3137 1003 3210 instituendis
1037 3136 1179 3223 profert,
1214 3157 1277 3222 per

79 3273 201 3319 omnes
236 3250 347 3319 libros
381 3255 549 3337 sequitur.
608 3253 762 3339 Dysario
797 3252 935 3321 medico
969 3253 1197 3337 quaestiones
1232 3247 1277 3314 ad

78 3362 290 3430 medicinam
315 3368 531 3450 pertinentes
556 3375 816 3453 proponuntur,
841 3366 1092 3433 Praetextatus
1113 3361 1276 3448 pontifex

80 3476 237 3560 loquitur
264 3476 307 3543 de
336 3481 543 3548 nominibus
573 3478 719 3548 deorum
750 3480 782 3554 (Ι
807 3486 845 3547 17
871 3481 964 3565 sqq.)
997 3484 1031 3544 et
1060 3475 1103 3543 dc
1126 3472 1277 3557 Vergilii

77 3587 236 3657 seientia
251 3593 337 3657 iuris
362 3592 548 3677 pontificii,
573 3593 753 3663 Eusebius
777 3594 898 3660 rhetor
921 3590 964 3659 de
991 3591 1176 3659 rhetoricis
1201 3590 1277 3655 eius

77 3700 209 3769 studiis
235 3702 328 3780 (rvi
361 3704 506 3773 Servius
537 3711 794 3791 grammaticus
828 3706 870 3774 de
906 3705 1031 3788 figuris
1059 3701 1277 3786 Vergilianis

77 3812 129 3881 VI
153 3820 172 3882 6
196 3821 257 3882 etc.
304 3817 352 3884 Et
375 3839 419 3885 ne
444 3818 536 3886 desit
560 3823 622 3906 qui
652 3819 890 3900 „alacritatem
918 3824 1117 3885 ceterorum
1150 3816 1280 3882 excitet

77 3934 112 3992 et
148 3926 334 3997 dulcedine
375 3931 529 4016 quadam
568 3937 776 4020 vituperet‘,
817 3931 1024 3999 Macrobius
1068 3926 1278 3995 Euandrum

183 4118 202 4184 ¹)
223 4118 266 4175 Of.
293 4138 331 4176 ex
355 4120 420 4178 loco
445 4122 618 4182 Aristotelis
642 4122 782 4198 erputior,
808 4119 1005 4191 Theophrasti
1037 4115 1194 4192 Μεγαρικόν,
1221 4117 1278 4174 Dc·

78 4204 179 4263 metrii
197 4205 360 4272 Χαλκιόικόν,
380 4207 552 4268 Dicaearchi
571 4207 745 4284 Kopirllruudr
766 4214 795 4268 et
814 4205 965 4280 Λεσβιακόν,
986 4205 1138 4266 Ciceronis
1163 4204 1278 4263 Tuscu·

76 4287 162 4350 lenas
181 4292 408 4362 disputationes.
