2798 4680
1271 311 1292 374 q

94 519 282 587 Athenaeo
321 514 376 585 XI
402 539 435 604 p.
473 521 537 585 505
560 516 605 582 B:
641 513 746 579 οόκοῦν
789 512 857 579 οὐδὲ
894 515 1053 599 ἐμμέτρους
1075 513 1153 587 συὸς
1186 519 1295 578 καλου-

95 631 199 713 μένους
230 628 382 715 Σώφρονος
414 626 516 713 μίμους
548 628 588 712 μὴ
612 633 712 713 φῶμεν
740 627 812 692 εἶναι
835 627 938 711 λόγους
961 623 1010 691 ’καὶ
1034 625 1169 710 μιμήσεις
1192 623 1212 709 ἢ
1235 627 1293 711 (μὴ

96 745 139 812 0.
165 743 266 812 Jahn
296 741 445 811 Hermes
467 741 502 810 Π
524 741 605 823 237)
642 739 776 825 μιμήσεις
810 746 861 804 τοῦ
893 737 1085 823 Ἀλεξαμενοῦ
1117 745 1169 802 τοῦ
1202 737 1293 822 Τηίου

91 856 198 940 λόγους
220 856 287 926 τούς
310 852 437 939 πρώτους
460 853 621 938 γραφέντας
642 857 697 915 τῶν
719 853 911 938 Σωκρατικῶν
933 851 1087 936 διαλόγων.

200 969 414 1052 Protagorae
461 987 602 1052 qnoque
647 965 816 1034 nonnulli
868 964 1003 1050 dialogi
1049 968 1293 1040 inventionem

96 1081 237 1150 dedisse
267 1078 445 1158 videntur,
475 1081 612 1165 primus
642 1081 736 1146 enim
761 1077 993 1147 Socraticum
1012 1075 1153 1146 dicendi
1178 1097 1293 1160 genus

95 1198 253 1263 movisse
277 1192 423 1270 dicitur;
456 1190 552 1277 quod
581 1200 703 1260 tamen
732 1193 783 1259 ita
806 1189 1057 1278 explicandum
1082 1193 1228 1269 erit‚.ut
1250 1189 1294 1256 de

95 1306 220 1375 eadem
243 1328 286 1374 re
317 1309 354 1373 in
385 1314 571 1390 utramque
600 1311 737 1391 partem
769 1327 850 1374 eum
881 1302 1084 1390 disputasse
1108 1324 1293 1375 sumamus

96 1419 137 1487 es.
165 1418 268 1503 Diog.
300 1417 354 1485 IX
377 1423 436 1484 51:
471 1415 520 1480 καὶ
550 1423 659 1502 πρῶτος
688 1415 746 1500 ἔφη
777 1415 830 1479 edo
859 1415 962 1500 λόγους
992 1413 1067 1478 εἷναι
1093 1413 1159 1500 περὶ
1189 1415 1294 1492 παντὸς

88 1529 266 1617 πράγματος
296 1529 508 1614 ἀντικειμένους
538 1528 685 1613 ἀλλήλοις,
727 1535 824 1606 553:
860 1526 909 1592 καὶ
939 1533 1051 1613 πρῶτος
1080 1526 1214 1600 ἀπέδειξε
1243 1527 1294 1599 τὰς

94 1646 167 1731 πρὸς
200 1643 251 1715 τοὶς
287 1643 383 1713 θέσεις
415 1642 619 1728 ἐπιχειρήσεις.
675 1643 771 1711 Num
805 1641 918 1712 libros
954 1662 1096 1728 quoque
1130 1639 1295 1709 similiter
1342 1660 1345 1671 “

95 1759 353 1844 composuerit,
395 1777 476 1822 cum
519 1753 671 1822 discerni
711 1764 881 1842 nequeat,
921 1752 1013 1821 illud
1054 1760 1175 1820 tamen
1209 1752 1294 1820 inde

95 1869 268 1938 discimus
300 1871 453 1952 vestigia
484 1867 658 1952 quaedam
689 1866 887 1953 dialogicae
917 1868 1187 1952 compositionis
1222 1869 1308 1934 iam¹

93 1991 179 2050 ante
209 1980 389 2049 Socratem
422 1983 601 2048 exstitisse
632 1979 729 2066 quod
759 1980 839 2047 aliis
872 2000 1013 2064 quoque
1043 1977 1132 2047 locis
1164 1977 1293 2046 confir-

97 2103 225 2162 matur.
282 2093 325 2161 In
350 2092 532 2177 Gorgiana
561 2092 700 2162 Helena
723 2097 756 2174 (ᾗ
782 2095 839 2176 13)
863 2099 1193 2169 commemorantur
1213 2094 1296 2175 φιλο-

96 2205 197 2291 σόφων
217 2205 312 2289 λόγων
332 2204 454 2289 cipitia
475 2227 565 2292 quae
584 2209 706 2274 ceteris
730 2204 826 2289 λόγοις
849 2208 900 2272 ita
923 2211 1163 2290 opponuntur,
1187 2211 1228 2270 ut
1251 2201 1294 2270 de

95 2318 256 2403 dialogis
281 2322 434 2402 cogitare
458 2339 643 2403 cogamur;
668 2318 764 2405 apud
787 2315 1033 2403 Thucydidem
1058 2315 1118 2398 (V,
1137 2320 1178 2384 87
1200 2315 1293 2401 sqq.)

95 2432 242 2516 longius
278 2439 394 2499 exstat
429 2430 649 2518 colloquium
691 2435 782 2499 inter
815 2430 1056 2498 Athenienses
1096 2437 1131 2495 et
1164 2427 1293 2498 Melies

99 2523 277 2614 habitum·
289 2542 486 2630 laudesque
501 2550 553 2607 τοῦ
573 2543 762 2626 διαλέγεσθαι
786 2541 915 2610 diserte
937 2540 1186 2629 praedicantur
1209 2540 1295 2623 (85);

100 2678 122 2723 a
152 2655 303 2724 Platone
338 2656 491 2742 denique
525 2655 678 2743 Hippiae
710 2655 794 2739 λόγος
828 2654 997 2724 laudatur
1028 2657 1089 2740 qui
1119 2658 1170 2722 ita
1196 2676 1293 2722 com·

98 2773 240 2856 positus
265 2777 350 2847 erat,
372 2775 414 2836 ut
436 2770 565 2839 Nestor
586 2766 822 2856 Neoptolemo
847 2768 933 2854 quid
957 2769 1052 2838 bono
1077 2766 1314 2836 adolescenti<
1377 2796 1380 2803 ·

98 2881 301 2950 faciendum
332 2890 426 2949 esset
456 2890 648 2968 exponeret
672 2879 794 2967 (Hipp.
818 2884 900 2948 mai.
925 2885 989 2950 286
1000 2881 1044 2948 A.
1058 2879 1098 2947 B.
1123 2879 1293 2948 Philostr.
1339 2873 1341 2881 ’

97 2992 140 3060 V.
167 2993 201 3061 S.
226 2993 261 3061 Π
283 3016 317 3080 p.
345 3000 385 3061 14
408 2992 460 3060 ed.
484 2993 651 3079 Kayser).
699 2992 777 3074 Quo
806 2992 912 3063 modo
937 3016 1019 3067 cum
1044 2991 1194 3062 dubium
1217 3012 1294 3061 esse

97 3129 173 3174 non
202 3110 329 3192 possit,
364 3110 451 3192 quin
486 3109 557 3173 iam
592 3114 673 3175 ante
705 3107 885 3176 Socratem
914 3105 1049 3190 dialogi
1084 3109 1295 3184 exstiterint,

99 3218 199 3309 illius
223 3227 342 3287 tamen
365 3223 455 3288 ratio
480 3217 678 3286 disserendi
708 3222 840 3287 summi
868 3218 936 3286 fuit
963 3221 1136 3286 momenti
1159 3218 1204 3286 ad
1227 3219 1296 3286 hoc

97 3354 213 3416 genus
239 3318 491 3410 excolendum
515 3332 608 3399 hano
623 3334 719 3399 enim
734 3335 888 3400 maxime
912 3334 945 3398 ei
966 3333 1147 3417 propriam
1172 3352 1295 3399 omnes

98 3444 169 3511 fere
186 3442 445 3530 discipulorum
463 3443 598 3528 dialogi
621 3446 817 3522 imitantur,
840 3442 923 3512 inde
940 3465 1071 3513 nomen
1087 3452 1297 3531 acceperunt
1330 3446 1333 3451 ’

100 3559 359 3625 Socraticorum
392 3545 628 3642 dialogorum,
659 3555 742 3624 inde
767 3555 928 3625 Socrates
959 3560 997 3624 in
1028 3558 1195 3626 omnibus
1225 3556 1296 3624 lere
1354 3549 1357 3556 ’

99 3669 255 3755 dialogis
279 3667 490 3756 colloquens
514 3668 704 3738 inducitur.

205 3781 276 3849 Sed
299 3785 371 3850 iam
393 3785 558 3850 venimus
583 3781 628 3849 ad
652 3781 902 3850 difficillimam
921 3779 1022 3850 illam
1039 3785 1295 3867 quaestionem,

101 3898 182 3980 quis
205 3898 344 3982 primus
370 3894 532 3979 dialogos
556 3898 812 3982 composuerim
840 3916 896 3962 res
925 3901 979 3962 est
1000 3892 1107 3962 valde
1130 3896 1297 3961 intricata

99 4017 134 4076 et
167 4010 230 4075 vix
270 4028 429 4093 unquam
469 4005 621 4076 dissolri
654 4015 784 4094 potest,
825 4009 996 4094 quoniam
1029 4006 1222 4074 Aeschinis
1262 4013 1297 4072 et

99 4120 329 4190 Antisthenis
354 4123 486 4206 scripta
514 4123 704 4206 perierunt.
751 4119 931 4204 Diogenes
963 4116 1107 4205 quidem
1130 4119 1296 4215 Laertius

98 4232 209 4300 tradit
240 4232 362 4301 11122
393 4233 576 4302 Simonem
610 4236 765 4319 primum
801 4231 963 4316 dialogos
998 4230 1164 4310 edidisse,
1199 4231 1297 4318 quod
