2798 4680
96 546 221 593 eornm
244 523 320 603 fert,
343 523 514 610 permulti
537 543 726 592 sermones>
741 521 844 593 nullo
868 506 944 590 fere
962 532 1104 591 conexu
1131 525 1225 591 inter
1256 545 1301 592 se

97 639 280 706 coniuncti
315 635 481 723 deinceps
517 643 734 716 enarrentur,
768 639 806 704 in
846 637 978 722 quibus
1021 634 1112 703 aliae
1155 646 1302 722 semper

94 771 270 837 personae
293 770 374 817 eum
391 746 535 817 Socrate
560 747 602 816 de
619 748 874 818 diversissimis
891 748 1163 836 quaestionibus
1180 746 1299 819 collo-

96 870 248 950 quentes
282 861 470 949 prodeunt,
505 861 564 929 hic
597 883 711 930 unum
744 863 922 932 habemus
953 868 1202 945 argumentum
1232 863 1302 947 per

93 984 213 1045 totum
237 974 421 1060 dialogum
443 981 635 1043 tractatum
659 974 755 1061 quod
784 973 929 1061 quidem
957 973 1133 1043 eiusmodi
1162 981 1226 1054 est,
1253 980 1303 1041 ut.

96 1111 118 1157 a
142 1087 287 1158 Socrate
308 1087 416 1174 plane
440 1088 638 1157 abhorreat.
1275 1090 1277 1096 '

200 1200 273 1268 Nec
298 1199 416 1268 solum
441 1208 701 1285 argumentum,
724 1196 788 1267 sed
812 1196 953 1267 dicendi
984 1206 1126 1285 quoque
1154 1195 1243 1266 ratio
1272 1218 1302 1266 a.

98 1311 256 1382 Socratis
280 1335 377 1382 more
398 1313 544 1392 recedit;
568 1310 822 1399 inquiroreille
837 1318 1082 1392 consueverat,
1100 1310 1186 1398 quid
1201 1309 1302 1380 illud.
1381 1390 1383 1394 μ

98 1432 194 1494 esset
217 1425 260 1493 de
284 1444 354 1512 quo
379 1424 604 1513 disputarent
627 1431 660 1492 et
682 1422 767 1492 inde
790 1423 957 1509 colligere
979 1423 1065 1510 quid
1091 1428 1129 1492 in
1154 1429 1302 1510 quaque·

93 1559 133 1605 re
166 1537 370 1606 laciendum
405 1545 513 1617 esset,
547 1536 728 1624 Xenopho
763 1560 836 1606 non
869 1536 1044 1624 disputat,
1079 1536 1142 1605 sed
1175 1536 1301 1615 docet3.
1379 1517 1382 1526 ’

94 1654 223 1720 retinet
257 1649 402 1737 quidem
436 1649 680 1734 interrogandi
714 1656 749 1717 et
784 1649 1024 1736 respondendi
1049 1671 1195 1729 morem,
1231 1648 1301 1718 sed.

95 1767 148 1832 ita
182 1770 224 1833 ut
257 1766 375 1833 inanis
409 1761 517 1850 plane
551 1761 621 1830 fiat.
673 1761 952 1843 Catecheticam‚
994 1770 1034 1831 ut
1075 1766 1126 1830 ita
1167 1761 1301 1841 dinume

95 1876 249 1946 formam
274 1874 409 1960 dialogi
431 1877 570 1944 invenit
593 1896 700 1961 quam
723 1879 858 1962 posteri
881 1878 1025 1961 saepius
1049 1878 1181 1943 imitati
1196 1881 1298 1943 sunt..

201 1989 249 2057 Et
282 1988 406 2058 eodem
441 1987 627 2057 erudiendi
661 1986 811 2056 consilio
847 1986 1015 2057 nonnulli
1049 1987 1299 2067 (Plutarchus,

94 2101 320 2185 Macrobius)
346 2101 416 2169 alio
442 2122 583 2187 quoque
612 2099 746 2185 dialogi
774 2122 901 2185 genere
929 2103 987 2168 usi
1018 2110 1103 2168 sunt
1133 2103 1234 2168 cuius
1259 2107 1302 2168 et

95 2217 215 2301 ipsius
240 2221 362 2284 auctor
391 2222 444 2282 est
466 2214 662 2301 Xenopho;
692 2235 905 2300 persuasum
934 2216 1030 2281 enim
1059 2214 1150 2282 mihi
1177 2208 1300 2283 habeo·

93 2329 250 2414 priorem
282 2324 387 2394 illum
419 2326 578 2410 συμπόσιον
606 2329 791 2413 scripsisse
821 2347 886 2394 nec
913 2326 1014 2395 locus
1045 2324 1107 2394 ille
1137 2328 1294 2396 multum

94 2439 266 2534 laudatus
299 2438 402 2522 (VIII
424 2440 482 2523 32)
515 2441 578 2509 ubi
605 2439 774 2507 Platonis
800 2437 934 2509 librum
966 2446 1111 2522 tangere
1141 2439 1300 2520 videtum

95 2573 179 2618 oum
202 2551 269 2619 hac
293 2556 470 2621 sententia
498 2575 571 2621 non
602 2555 773 2636 congruit.
784 2551 810 2635 ¹)
856 2550 933 2618 Hoc
965 2553 1002 2618 in
1035 2550 1177 2635 dialogo
1208 2575 1299 2638 pro-⁴

94 2685 242 2749 gressus
279 2671 334 2732 est
366 2666 545 2751 Xenopho
583 2664 628 2732 ad
664 2667 885 2732 notationem
912 2664 1146 2750 personarum
1180 2672 1214 2732 et
1248 2665 1293 2732 ad

96 2784 218 2845 artem·
244 2777 425 2864 quandam
467 2779 750 2864 compositionis
791 2775 833 2844 de
873 2788 944 2862 qua
985 2775 1143 2844 conferas
1184 2777 1294 2846 velim

94 2889 295 2974 Rettigium
325 2890 457 2960 Philol.
484 2896 536 2970 38,
560 2895 635 2969 269,
665 2893 727 2976 qui
754 2898 875 2958 tamen
905 2892 1013 2958 nimis
1048 2908 1125 2957 eam
1157 2889 1292 2960 laudat.

96 3003 183 3089 Ipsa
205 3006 300 3070 enim
324 3012 452 3072 natura
474 3005 674 3087 argumenti
689 3004 898 3070 varietatem
919 3001 1100 3088 quandam
1117 3010 1151 3071 et
1167 3004 1299 3072 alacri-

96 3123 208 3184 tatem
231 3115 316 3183 tulit
337 3115 563 3201 multumque
583 3115 862 3202 Xenophontem
885 3118 923 3182 in
947 3137 1050 3201 opere
1074 3115 1301 3186 conficiendo

96 3226 244 3296 adiuvit.
292 3226 425 3296 Tamen
449 3232 574 3315 quanti
598 3228 702 3298 fuerit
724 3230 896 3298 momenti
924 3227 982 3295 hic
1013 3227 1189 3312 dialogus,
1220 3253 1294 3300 non

96 3343 188 3408 satis
225 3340 295 3409 diei
328 3350 462 3428 potest;
502 3341 746 3425 intellegimus
782 3343 877 3408 enim
912 3361 956 3408 ex
990 3361 1030 3407 oo
1066 3341 1160 3410 unde
1196 3345 1298 3412 com--

95 3457 288 3541 positionis
317 3454 450 3524 formae
479 3476 568 3541 quas
592 3461 817 3541 posterorum
841 3451 975 3536 dialogi
1000 3455 1173 3540 praebent
1196 3465 1299 3525 ortae·

96 3569 179 3634 sint.
213 3566 291 3634 Hoc
307 3575 347 3634 ut
363 3566 493 3635 clarius
509 3567 582 3647 fiat,
600 3565 881 3653 contemplemur
896 3565 1060 3635 Platonis
1078 3571 1299 3637 convivium.

96 3679 296 3747 Maximam
321 3679 455 3764 dialogi
482 3677 620 3767 partem
650 3681 827 3747 orationes
852 3686 1026 3765 occupant
1057 3699 1146 3764 quas
1170 3683 1295 3748 convi-

95 3799 224 3859 vantes
249 3791 416 3879 deinceps
441 3791 483 3860 de
508 3812 626 3859 amore
649 3775 849 3879 proferunt;
874 3813 918 3859 on
934 3791 1046 3859 habes
1063 3792 1298 3860 consuetudi·
1326 3792 1328 3794 ’

95 3925 180 3971 nem
209 3904 390 3990 quandam
421 3907 578 3973 convivii
607 3926 679 3991 qua
706 3903 885 3989 Xenopho
916 3924 1057 3990 quoque
1095 3925 1183 3971 usus
1220 3915 1302 3974 erat

93 4256 128 4315 Π
203 4170 223 4233 1)
243 4169 409 4238 HugPlat.
422 4170 526 4241 Symp.
545 4173 637 4241 prael.
658 4190 686 4241 p.
697 4171 789 4229 XXII
808 4169 1094 4228 Teichmueller
1112 4170 1184 4228 Litt.
1201 4172 1300 4229 Fohd.

147 4261 207 4314 281.
1270 4289 1274 4294 .
