2798 4680
1268 305 1309 368 37

86 505 276 591 dialogos
295 512 333 577 in
346 508 540 579 dramatico
552 529 679 591 genere
692 508 904 594 composuit,
921 507 978 575 bis
992 512 1142 592 utroque
1155 527 1243 575 usus
1257 515 1312 576 est

84 620 317 705 (φιλοψευδὴς,
342 621 525 706 συμπόσιον),
548 620 651 689 libris
674 618 827 702 ,,Σκόθης“
852 626 886 686 et
909 616 1112 703 ,,Ἁρμονίόης“
1129 641 1311 689 sermones
1359 691 1360 695 ,

78 736 248 813 inserit,
261 733 406 819 dialogo
419 735 588 819 ,,Νιγρῖνος“
601 735 772 819 inscripto
785 732 843 800 vel
860 733 1082 818 prooemium
1100 735 1311 817 praemittit,

75 853 192 914 tuln
223 842 339 933 pergit
372 849 410 915 in
445 846 654 915 dramatico·
666 868 801 931 genere.
854 845 1050 930 Nunquam
1077 848 1153 931 ipse
1180 845 1310 932 prodit,

72 956 321 1046 plerumque
343 959 475 1046 Lycini
503 980 694 1046 personam
725 959 861 1037 induit3
892 946 1137 1044 colloquentes
1165 958 1249 1027 facit
1275 967 1311 1028 ct

72 1071 278 1159 aequales
296 1081 330 1141 et
342 1080 501 1141 mortuos
521 1082 555 1141 et
574 1071 659 1141 deos
679 1082 713 1140 et
732 1072 917 1141 fabulosos
938 1072 1103 1141 homines
1125 1071 1181 1153 (of.
1202 1075 1309 1142 etiam

70 1180 299 1253 Plutarchi
333 1183 399 1267 περὶ
430 1191 481 1248 τοῦ
512 1185 547 1248 τὰ
584 1180 678 1267 άλογα
713 1184 791 1270 λόγῳ
826 1186 990 1272 χρῆσθαι);
1029 1182 1087 1252 vel
1120 1183 1311 1264 Iustitiam,

69 1295 374 1378 Academicum,
384 1298 590 1382 Dialogum
598 1297 738 1382 gallum
752 1297 925 1380 (ἐνύπνιον),
934 1297 1119 1365 lucernam
1132 1305 1167 1365 et
1177 1295 1310 1366 lectum

67 1409 309 1490 (κατάπλους)
327 1411 488 1491 inducit.
544 1411 756 1499 Menippum
792 1419 935 1480 secutus
971 1414 1008 1479 in
1044 1409 1196 1493 dialogis
1232 1413 1308 1478 suis

68 1521 298 1592 hominum
322 1546 455 1594 errores
480 1533 514 1593 et
537 1528 734 1593 vanitatem
757 1528 956 1611 impugnat,
984 1545 1058 1592 non
1086 1532 1206 1592 tamen
1230 1521 1307 1590 dia-

69 1635 233 1705 lectica
264 1645 304 1705 ut
327 1637 445 1716 Plato,
477 1637 539 1706 sed
574 1641 789 1707 comicorum
818 1646 1006 1723 poetarum
1040 1657 1137 1704 more
1170 1636 1308 1704 facetiis

74 1748 126 1814 et
171 1747 356 1819 dicacitate
387 1774 447 1820 eos
482 1750 686 1836 aggreditur
716 1754 931 1837 saepiusque
961 1752 1037 1836 ipse
1068 1750 1136 1818 hoe
1160 1751 1307 1817 invento

80 1965 186 2038 πάνυ
207 1981 274 2058 γοῦν
299 1974 410 2058 συντήθιΙ
434 1975 482 2039 καὶ
507 1975 577 2062 φίλα
602 1980 630 2050 ἐξ
660 1975 754 2063 ἀρχῆς
784 1971 819 2059 ἦν
843 1976 858 2039 ὁ
882 1975 1016 2058 ὖιάλογος
1040 1973 1088 2038 καὶ
1111 1974 1130 2059 ἡ
1154 1973 1307 2058 κωμῳδία,

90 2073 124 2150 εἷ
153 2109 193 2168 γε
214 2087 229 2151 ὁ
254 2087 306 2172 μὲν
329 2086 402 2151 οἴκοι
426 2086 474 2152 καὶ
498 2088 570 2152 καθ’
586 2090 688 2152 ἑαυτὸν
710 2088 771 2174 ἰδίᾳ
795 2092 824 2152 ἐν
847 2093 904 2159 τοῖς
928 2088 1095 2173 περιπάτοις
1119 2086 1182 2173 μετ’
1201 2084 1308 2170 ὀλίγων

96 2189 163 2266 τὰς
185 2201 331 2285 διατριβὰς
362 2204 496 2275 ἐποιεῖτο,
527 2200 546 2285 ἡ
578 2200 610 2265 δὲ
642 2205 814 2287 παραδοῦσα
838 2210 878 2286 τῷ
907 2202 1037 2287 Διονύσῳ
1061 2202 1166 2284 ἑαυτῄν
1191 2201 1307 2287 λλεάτρῳ

104 2307 210 2388 ὡμίλει
233 2311 281 2376 καὶ
306 2314 460 2386 συνέπαιζε
482 2313 531 2378 καὶ
556 2312 760 2398 ἐγελωτοποίει
791 2311 839 2377 καὶ
869 2315 1039 2378 ἐπέσκωπτε
1069 2312 1117 2378 καὶ
1149 2318 1178 2378 ἐν
1202 2314 1307 2400 propp

112 2418 208 2502 ἔθανε
230 2425 300 2510 πρὸς
325 2424 429 2492 αιίλδνῑ
460 2428 495 2491 τὰ
520 2427 551 2491 δὲ
575 2428 669 2491 πολλὰ
693 2427 759 2498 τούς
782 2432 832 2490 τοῦ
855 2427 992 2511 διαλόγου
1009 2425 1138 2511 ἑταίρους
1162 2426 1307 2514 ἐχλεύαζε

116 2538 276 2620 φροντιστὰς
299 2535 348 2601 καὶ
373 2541 612 2626 μετεωρολέσχας
644 2537 692 2604 καὶ
721 2540 756 2603 τοὶ
779 2545 900 2602 τοιαῦτα
923 2539 1204 2624 προςαγορεύυυσα,
1230 2591 1236 2604 .
1260 2590 1265 2603 .
1290 2540 1306 2603 ὁ

116 2648 244 2733 διάλογος
275 2650 307 2714 δὲ
338 2652 514 2734 σεμνοτάτας
545 2655 670 2717 ἐποιεῖτο
700 2653 751 2724 τάς
782 2650 932 2729 συνουσίας
962 2651 1075 2735 φύσεώς
1106 2653 1137 2715 τὲ
1169 2677 1233 2738 περι
1256 2651 1305 2716 καὶ

114 2760 214 2849 ἀρετῆς
237 2770 404 2851 φιλοσοφῶν
427 2816 433 2828 .
457 2815 463 2828 .
488 2816 494 2828 .
517 2763 566 2829 καὶ
590 2762 670 2850 ὅμως
693 2765 894 2850 ἐτολμήσαμεν
917 2764 1001 2849 ἡμεῖς
1024 2766 1059 2829 τοὶ
1083 2763 1175 2837 οὕτως
1199 2766 1305 2853 ἔχοντα

109 2876 179 2961 πρὸς
203 2872 319 2960 ἄλληλα
343 2881 513 2962 συναγαγεῖν
544 2876 613 2941 οὐδὲ
642 2877 773 2964 εὐμαρῶς
803 2877 970 2963 ἀνεχόμενα
998 2878 1049 2962 τὴν
1079 2877 1247 2942 νοινωνίαν“
1271 2889 1305 2949 (ii

106 2989 173 3059 Bia
190 3010 302 3058 aecus.
317 3015 343 3058 e.
358 2998 399 3059 33
413 3013 487 3078 sqq.
506 2992 569 3058 ubi
591 2991 775 3060 Lucianus
792 2994 859 3060 sub
879 2990 959 3077 Syri
983 3013 1137 3077 persona
1159 2991 1304 3076 longius

105 3107 216 3173 ctiam
240 3111 273 3171 et
297 3109 496 3173 accuratius
521 3104 564 3172 de
587 3127 684 3173 more
708 3128 773 3174 suo
798 3108 879 3188 agit.
1336 3191 1338 3195 y

201 3215 284 3299 Nee
318 3224 400 3302 post
435 3217 637 3291 Lucianum
671 3216 815 3286 deerant
851 3222 912 3303 qui
952 3221 987 3285 in
1024 3217 1157 3301 dialogi
1191 3219 1305 3287 forma

99 3328 219 3399 libros
261 3337 549 3416 composuerunt,
587 3333 774 3416 praecipue
813 3337 932 3416 patres
973 3331 1200 3399 ecclesiastici
1242 3334 1304 3418 qui

100 3440 274 3511 dicuutur
303 3442 370 3509 hoe
400 3463 528 3526 genere
558 3446 615 3510 usi
646 3450 742 3522 sunt,
780 3443 820 3510 el'.
845 3443 976 3512 Iustini
1008 3443 1191 3528 dialogum
1223 3468 1304 3513 cum

100 3552 297 3639 Tryphone
322 3554 467 3634 Iudaeo,
490 3554 652 3639 Gregorii
668 3555 825 3641 Nysseni
849 3555 913 3641 περὶ
930 3563 1026 3642 ψυχῆς
1042 3555 1089 3620 καὶ
1107 3558 1303 3654 άναστάσεως,

98 3666 278 3736 Iohannis
296 3664 548 3753 Chrysostomi
571 3665 635 3752 περὶ
652 3668 818 3753 ἱερωσύνης,
844 3671 993 3738 llaearii
1018 3670 1197 3754 Magnetis
1219 3669 1304 3734 Ἀπο-

98 3778 237 3864 οιριτιιιόν,
258 3781 401 3849 Aeneae
421 3779 595 3849 (lazensis
612 3780 807 3866 Θεόφραστον,
833 3782 1007 3852 Met-hodii
1025 3782 1088 3869 περὶ
1105 3782 1302 3859 ἀναστάσεως,

97 3887 169 3976 περὶ
192 3898 339 3975 γεννητῶν,
364 3892 455 3961 alios
480 3915 632 3980 quorum
655 3901 776 3963 tamen
800 3896 912 3965 libros
929 3919 1003 3965 non
1027 3900 1098 3964 iam
1123 3901 1158 3965 in
1182 3901 1302 3967 auimo

99 4012 159 4085 est
184 4000 386 4075 describere.
423 4004 661 4077 Transeamus
686 4011 794 4093 igitur
817 4008 862 4076 ad
879 4009 1027 4078 alteram
1044 4009 1302 4096 disputationis

96 4124 249 4206 partem.
