2798 4680
249 490 372 576 Neque
395 499 513 559 tamen
538 492 632 561 Zeno
657 493 754 560 hunc
777 515 910 561 morem
941 496 1017 579 ipso
1047 496 1196 572 invenit,
1225 491 1291 560 sed
1322 513 1342 559 a

145 602 309 689 Stilpone
343 607 512 688 magistro
545 605 664 689 (Diog.
690 603 758 672 Vll
794 608 868 682 120)
900 609 1037 692 recepit·
1070 609 1172 673 cuius
1208 604 1342 688 dialogi

146 718 265 784 nescio
291 738 336 783 an
362 718 406 785 ob
430 718 527 786 hunc
553 722 671 805 ipsum
695 716 838 804 ,,ψυχροὶ“
862 717 1034 805 appellati
1055 721 1137 785 sint.
1185 717 1281 809 Nam
1305 725 1345 784 111

146 835 283 896 taceam
312 833 442 897 mirum
475 853 562 907 esse,
592 831 688 918 quod
719 831 855 899 dictum
886 830 978 899 illud
1008 829 1050 898 de
1081 831 1224 900 Zenone
1255 829 1343 898 Stil-

147 945 253 1027 ponis
274 942 448 1012 ¹auditore
490 942 716 1028 dialogorum
756 947 1058 1013 enumerationem
1101 946 1345 1030 subsequitur,

147 1075 228 1122 oum
252 1058 356 1123 ceteri
380 1059 455 1123 eius
473 1056 641 1143 discipuli
657 1061 756 1144 prius
775 1061 899 1138 (1113,
918 1062 1344 1135 11411111111111111111,

148 1167 315 1236 lircillime
339 1172 370 1235 si
394 1167 551 1256 Stilponi
576 1174 818 1241 inventionem
842 1171 952 1239 huius
976 1174 1116 1254 generis
1140 1173 1346 1249 tribuimus

148 1284 293 1366 cynicos
329 1303 470 1368 quoque
505 1283 598 1351 idem
630 1283 840 1353 adhibuisse
870 1283 1079 1370 explicatur,
1113 1291 1153 1350 ut
1184 1282 1280 1351 Bion
1310 1286 1347 1349 in

149 1393 280 1461 Teletls
312 1391 376 1479 περὶ
402 1393 575 1479 αὐταρκείας
609 1395 725 1470 (Stob.
750 1396 825 1464 flor.
854 1397 871 1463 l
902 1401 963 1463 123
993 1396 1117 1472 Mein.)
1147 1393 1251 1463 Teles
1283 1392 1347 1479 περὶ

150 1505 320 1580 εὐπαθείας,
351 1505 416 1592 περὶ
439 1507 645 1592 περιστάσεων,
674 1507 738 1592 περὶ
761 1514 813 1572 τοῦ
836 1511 930 1570 δοκεῖν
953 1505 1002 1570 καὶ
1025 1514 1076 1571 τοῦ
1100 1507 1173 1571 εἶναι
1196 1507 1250 1575 IV
1276 1512 1344 1576 164.

152 1618 279 1687 Omnis
311 1628 430 1688 autem
462 1620 638 1690 dubitatio
671 1622 810 1690 tollitur
834 1620 965 1689 Teletis
998 1619 1062 1705 περὶ
1092 1626 1185 1706 φυγῆς
1215 1621 1268 1701 (II
1291 1622 1346 1699 61)

150 1732 293 1810 adlato,
317 1737 354 1800 in
371 1756 440 1820 quo
458 1733 698 1818 fragmentum
716 1734 892 1822 Stilponis
910 1735 978 1804 hoc
993 1756 1091 1803 more
1107 1737 1348 1821 compositum

150 1848 255 1915 nobis
280 1856 460 1914 servatum
484 1855 545 1914 est.
558 1847 584 1920 ¹)
625 1845 896 1927 Quodammodo
914 1850 1022 1930 igitur
1038 1831 1248 1930 corrigenda
1264 1852 1349 1915 sunt

152 1981 242 2045 quac
258 1958 559 2029 Wilamowitnius
583 1963 620 2027 in
644 1963 785 2043 egregio
809 1959 900 2028 libro
927 1959 969 2028 de
981 1960 1167 2044 Antigono
1182 1957 1347 2045 Carystio

151 2095 184 2158 p.
210 2078 272 2140 307
297 2093 372 2157 sqq.
398 2073 440 2141 de
465 2080 545 2140 ortu
576 2073 684 2139 huius
716 2076 825 2140 moris
856 2072 1082 2158 disputabat;
1111 2093 1229 2158 neque
1258 2068 1349 2139 illud

152 2194 244 2253 recte
258 2184 485 2253 contendisse
500 2185 589 2252 mihi
603 2185 743 2252 videtur
759 2206 947 2254 commune
964 2186 1032 2253 hoc
1047 2207 1161 2269 genus
1180 2185 1349 2256 omnibus

87 2374 90 2381 ι
153 2301 304 2385 posteris
328 2297 557 2384 philosophis
588 2298 710 2375 luisse,
738 2300 846 2365 immo
879 2305 1054 2382 quantum
1083 2296 1248 2385 equidem
1278 2299 1349 2365 scio

152 2411 223 2479 soli
247 2410 359 2477 Stoici
383 2416 434 2486 (11
450 2409 575 2496 Cynici
600 2410 794 2490 interdum)
820 2432 859 2477 eo
884 2414 942 2478 usi
959 2417 1052 2479 sunt,
1100 2409 1259 2479 Omnino
1278 2413 1351 2478 iure

154 2524 244 2591 mihi
267 2522 390 2592 videor
414 2523 892 2610 statuerephilosophorum
916 2530 1031 2592 sectas
1060 2531 1100 2591 ut
1123 2526 1199 2590 suis
1225 2543 1349 2609 quam-

155 2659 223 2722 que
247 2635 418 2703 doctrinis
442 2640 492 2704 ita
516 2636 694 2705 scribendi
711 2658 851 2722 quoque
866 2658 993 2720 genere
1010 2658 1094 2704 usas
1112 2657 1198 2703 esse.
1241 2634 1352 2707 Stoici

65 2769 74 2781 ·
155 2757 247 2817 certe
281 2769 467 2834 nunquam
496 2749 704 2819 Aristotelio
740 2772 837 2818 more
869 2747 1032 2832 dialogos
1064 2754 1352 2835 composuerunt,

155 2884 271 2947 neque
299 2861 572 2947 Peripateticum
601 2867 688 2932 novi
715 2884 830 2950 neque
853 2861 1108 2930 Academicum
1139 2860 1258 2928 ullum
1295 2860 1353 2948 qui

158 2973 358 3043 Stoicorum
388 2996 521 3042 morem
556 2979 733 3062 receperit.
787 2975 914 3061 Cynici
949 2973 1019 3043 soli
1052 2980 1179 3061 postea
1213 2972 1353 3042 diversa

159 3087 293 3170 dialogi
315 3108 445 3171 genera
468 3091 560 3154 inter
583 3109 620 3154 se
644 3091 833 3156 miscuisse
855 3087 1033 3167 videntur,
1057 3085 1235 3170 siquidem
1259 3085 1351 3170 frag·

157 3208 278 3268 menta
309 3221 399 3286 quae
428 3201 494 3268 sub
525 3198 655 3267 Teletis
685 3204 829 3269 nomine
858 3200 1018 3267 feruntur
1049 3198 1164 3276 (Stob.
1195 3198 1271 3266 flor.
1304 3195 1354 3267 Ill

158 3317 232 3390 200,
267 3316 348 3389 211;
382 3310 433 3379 IV
458 3317 520 3380 164
543 3311 668 3392 Mein.)
704 3316 775 3381 iam
811 3316 854 3383 ab
891 3316 970 3399 ipso
1005 3315 1042 3379 in
1076 3312 1170 3379 hanc
1204 3311 1355 3380 formam

158 3425 299 3493 redacta
323 3431 417 3492 sunt.
464 3426 520 3493 lbi
543 3427 638 3492 enim
661 3446 742 3494 cum
766 3426 967 3495 Stoicorum
992 3445 1088 3491 more
1119 3445 1197 3492 eam
1221 3423 1358 3508 dialogi

159 3538 310 3606 formam
344 3541 570 3606 coniunctam
604 3538 780 3607 habemus
816 3559 923 3624 quern
952 3536 1159 3605 Academici
1193 3542 1227 3604 et
1255 3536 1357 3605 Peri-

159 3653 303 3736 patetici
330 3654 527 3738 ,praecipue
553 3658 637 3737 post
667 3651 898 3719 Aristotelem
931 3650 1141 3720 adhibuisse
1171 3648 1362 3718 videntur:

159 3764 361 3850 ponebatur
384 3763 519 3832 scilicet
542 3762 585 3830 de
610 3784 679 3849 quo
705 3767 784 3850 quis
809 3764 931 3832 audire
954 3765 1109 3843 volebat,
1133 3771 1210 3831 tum
1235 3767 1364 3832 statim

159 3883 333 3964 perpetua
363 3878 523 3944 oratione
553 3884 676 3944 contra
707 3875 968 3963 disputabatur.
1017 3875 1368 3946 1111111121)

266 4059 286 4120 1)
305 4056 351 4114 Cf.
371 4055 462 4114 etiam
480 4058 550 4115 Ath·
569 4056 613 4115 IV
632 4074 660 4125 p.
682 4057 782 4114 162Βί
811 4057 1019 4130 ...Περσαίου
1046 4079 1074 4112 τε
1101 4063 1147 4112 τοῦ
1175 4058 1257 4112 καλοῦ
1286 4059 1375 4130 φιλν

162 4143 243 4219 σόφου
261 4143 439 4216 Συμπατικαῦς
458 4141 598 4216 διαλόγους,
619 4146 788 4203 συντεθέντας
807 4146 903 4197 ἐκτῶν
924 4144 1071 4205 Στίλπωνος
1089 4147 1134 4198 καὶ
1151 4142 1276 4217 Ζήνωνος
1296 4141 1371 4198 drot

157 4228 392 4305 ΙμνημονενράτρινΙ
