2798 4680
1219 329 1268 390 if>

59 519 165 586 initio
188 516 268 587 solo
291 516 508 605 prodeuntes
531 519 621 589 iacit
668 520 890 594 Menexenus
924 547 1067 612 quoque
1091 526 1259 615 dialogus

58 629 131 699 huo
163 629 369 700 referendus
403 640 458 701 est
491 636 554 720 qui
586 641 708 705 tamen
743 637 780 706 id
814 638 885 708 sibi
918 626 1103 727 proprium
1137 640 1266 722 habet.

61 740 160 830 quod
184 746 358 814 orationis
381 743 508 814 relatio
530 747 729 835 principale
754 748 888 837 dialogi
920 763 1169 837 argumentum
1193 766 1256 826 est.

58 855 217 944 Propius
241 861 350 928 etiam
375 857 420 927 ad
444 858 679 930 dramaticum
700 883 815 946 genus
845 864 1017 934 accedunt
1044 864 1264 939 Theaetetus-

59 977 93 1038 et
123 969 358 1042 Parmenides
390 975 453 1058 qui
480 974 725 1043 inscribuntur
753 975 907 1062 dialogi;
944 981 981 1049 in
1011 978 1121 1049 altero
1151 981 1263 1052 Plato

58 1083 205 1154 brevem
228 1106 429 1156 sermonem
461 1086 506 1155 ad
534 1085 737 1174 exemplum
761 1089 983 1176 Euthydemi
1012 1103 1255 1180 comparatum

57 1198 265 1284 praemittit,
298 1206 376 1268 tum
405 1201 526 1286 ipsum
557 1221 698 1287 quoque
727 1199 910 1288 dialogum
940 1203 1131 1276 dramatico
1158 1230 1264 1279 com--

57 1310 177 1394 ponit;
226 1313 265 1380 in
310 1310 421 1382 altero
470 1311 588 1380 media
633 1315 671 1381 in
716 1313 888 1384 relatione
933 1316 978 1384 ud
1024 1316 1260 1390 dramaticum

55 1443 173 1510 genus
211 1427 349 1494 transit.
412 1423 463 1493 Of.
494 1424 674 1494 Ciceronis
710 1426 897 1508 Catonem,
934 1431 1115 1510 Laelium,
1153 1431 1255 1501 Tusa.

58 1536 151 1626 disp.
176 1533 248 1616 Qui
270 1546 406 1607 restant
428 1537 564 1623 dialogi
588 1561 711 1609 omnes
736 1543 773 1608 in
797 1540 989 1614 dramatico
1013 1566 1141 1628 genere
1156 1567 1254 1615 eom·

55 1655 168 1738 positi
190 1660 284 1722 sunt.

164 1766 213 1835 Et
249 1767 337 1835 haee
384 1763 528 1852 quidem
572 1764 615 1833 de
658 1778 802 1835 externa
843 1767 1077 1852 dialogorum
1127 1775 1254 1859 specie.

57 1877 199 1960 Quodsi
222 1882 260 1947 in
285 1878 460 1948 Convivio
482 1876 672 1946 Theaeteto
689 1878 902 1949 Parmenida
926 1882 1112 1950 enarrandi
1135 1891 1256 1971 partes

56 1996 103 2060 iis
125 1992 255 2061 tribuit
278 1994 339 2078 qui
362 1993 434 2077 ipsi
456 1991 682 2060 sermonibus
706 2014 780 2060 non
802 1993 1046 2072 interfuerant,
1078 2018 1150 2064 non
1181 2006 1254 2064 tam

58 2107 313 2192 compositioni
357 2124 465 2191 quam
508 2102 659 2173 consilio
700 2103 939 2189 dialogorum,
962 2112 1146 2195 proprium
1191 2118 1258 2178 est.

55 2217 131 2286 Nee
153 2220 271 2303 magia
295 2225 471 2297 curamue,
495 2238 557 2285 our
579 2224 656 2285 tum
681 2215 887 2296 dramatico,
909 2224 987 2286 turn
1011 2219 1262 2306 diegematioo,.
1298 2286 1301 2290 ,

54 2339 134 2400 tum
162 2333 277 2400 mixto
306 2351 434 2417 genera
467 2351 557 2399 usus
591 2332 639 2398 sit
670 2328 790 2410 Plato;
825 2334 894 2400 viri
928 2330 1024 2400 docti
1058 2333 1120 2403 alii
1163 2335 1254 2404 alias

56 2464 188 2514 causas
211 2441 421 2525 attulerunt,
444 2442 609 2532 equidem
631 2443 743 2513 libera
757 2441 927 2531 profiteor
941 2466 998 2513 me
1022 2467 1095 2516 non
1110 2445 1254 2516 intelle-

54 2577 138 2642 gere
161 2577 234 2644 qua
256 2555 300 2626 de
322 2578 431 2626 causa
454 2554 683 2626 Charmidem
706 2562 742 2625 et
763 2555 936 2642 Lysidem
959 2560 998 2625 in
1021 2556 1262 2644 diegematioo

55 2667 196 2755 genere,
218 2669 521 2759 Euthyphronem
544 2676 579 2738 et
600 2669 806 2747 Lachetem,
832 2677 873 2737 ut
895 2669 1069 2758 exemplis
1096 2679 1187 2751 utar,
1214 2676 1253 2742 in

57 2780 254 2854 dramatico
277 2786 529 2872 composuerit,
552 2790 658 2869 atque
680 2781 789 2870 plene
803 2781 894 2851 mihi
908 2803 1120 2869 persuasum
1136 2785 1263 2855 habeo-

55 2905 239 2966 sumtum
261 2896 424 2967 nondum
446 2896 516 2966 hoc
538 2917 653 2981 genus
676 2897 865 2963 invenisse.

161 3007 234 3080 Sed
280 3012 497 3080 omittamus
533 3008 680 3078 inutiles
727 3009 947 3077 coniecturas
994 3017 1028 3078 et
1077 3012 1253 3078 internam

55 3120 284 3208 dialogorum
316 3127 470 3212 speciem
499 3120 789 3208 contemplemur.
839 3121 922 3190 Non
951 3124 1021 3188 iam
1055 3120 1253 3190 disserendi

55 3257 135 3306 aem
169 3238 345 3306 radonem
377 3235 456 3305 dico
496 3256 604 3322 quarn
638 3232 742 3302 Plato
782 3257 863 3303 oum
903 3238 1027 3304 ceteris
1063 3233 1256 3303 Socraticis

55 3369 285 3419 communem
307 3349 448 3428 habuit,
469 3369 535 3417 nec
558 3347 797 3435 componendi
820 3369 898 3416 eam
914 3355 1025 3416 artem
1041 3369 1113 3434 qna
1129 3369 1252 3416 omncs

56 3469 91 3530 et
117 3446 285 3547 singulas
311 3469 430 3550 partes
460 3464 526 3530 uni
552 3460 688 3545 dialogi
717 3459 868 3530 consilio
898 3468 933 3528 et
958 3457 1024 3528 fini
1052 3480 1252 3529 accommo—

55 3573 168 3654 davit
195 3596 311 3662 nequa
338 3573 586 3645 admirabilem
616 3571 719 3642 illam
742 3571 948 3642 facultatem
979 3592 1051 3658 qua
1079 3592 1253 3658 personas

56 3707 142 3756 suas
167 3685 214 3756 ad
236 3689 352 3775 ipsius
373 3690 468 3756 vitae
491 3685 766 3756 similitudinem
795 3685 957 3772 depinxit
984 3693 1018 3752 et
1045 3687 1095 3753 ita
1126 3683 1253 3772 dispu-

54 3808 176 3871 tantes
199 3800 292 3876 iacit,
314 3808 356 3871 ut
378 3799 425 3869 ad
449 3807 698 3885 argumentum
722 3799 859 3885 dequo
889 3801 1044 3865 maxime
1072 3795 1253 3865 disserunt

53 3936 129 3986 non
158 3917 362 4010 praeparati
385 3922 491 4002 atque
519 3911 690 3989 meditati,
722 3910 785 3980 sed
814 3932 899 3979 casu
930 3913 1121 3978 accessisse
1150 3908 1250 3977 vida-

53 4035 175 4098 antur:
214 4027 282 4098 has
319 4022 590 4096 Platonicorum
630 4024 856 4109 dialogorum
894 4027 1043 4091 virtutes
1086 4028 1139 4089 tot
1179 4025 1251 4090 iam

51 4148 242 4228 tantopere
262 4138 513 4219 laudaverunt,
535 4146 577 4208 ut
598 4143 662 4207 vix
685 4136 769 4205 addi
792 4140 983 4223 quicquam
1006 4139 1136 4222 possit;
1159 4133 1251 4202 mihi

50 4259 126 4324 iam
171 4253 350 4341 agendum
384 4261 440 4323 ast
473 4252 516 4322 de
551 4250 701 4320 diversis
737 4250 860 4319 formis
896 4249 1027 4334 quibus
1061 4251 1141 4334 ipsa
1175 4246 1250 4314 dis·
1383 4256 1386 4263 ’
