2798 4680
204 533 357 602 Romani
394 544 434 600 ut
468 537 503 601 in
542 536 709 603 omnibus
752 535 821 601 fere
865 532 1065 600 litterarum
1105 531 1305 614 generibus

101 644 314 714 Graecorum
340 649 536 735 imitatores
561 654 669 722 erant,
695 645 829 731 dialogi
854 667 994 733 quoque
1018 628 1170 712 formam
1191 644 1237 711 ab
1256 645 1305 709 iis

98 766 313 843 receperunt.

202 870 314 938 Primi
339 878 511 956 quantum
530 872 602 936 seio
617 871 664 936 M.
679 870 805 937 lunius
820 869 952 937 Brutus
978 877 1013 937 et
1035 870 1071 936 C.
1087 869 1305 936 Scribonius

100 983 206 1050 Curio
243 981 406 1066 dialogos
442 992 727 1067 composuerunt.
782 981 885 1050 Alter
913 988 1002 1049 toste
1036 982 1207 1049 Cicerone
1244 981 1305 1052 (de

100 1101 185 1163 orat.
201 1095 328 1168 H‘2‘23)
355 1100 446 1180 opus
471 1117 575 1162 suurn
602 1094 644 1162 de.
668 1098 743 1162 iure
767 1093 865 1161 civili
890 1097 925 1160 in
943 1103 1013 1160 tres
1030 1094 1143 1161 libros
1163 1093 1305 1162 divisit.

9 1270 13 1277 ,
99 1229 249 1294 quorum
285 1211 321 1274 in
358 1210 548 1293 prooemiis
585 1228 732 1275 scaenae
768 1206 964 1292 descriptae
1004 1215 1120 1283 erana
1157 1208 1305 1292 sibique

1 1392 2 1402 χ
98 1323 169 1406 ipsi
193 1319 334 1387 dicendi
357 1327 475 1405 partes.
500 1322 636 1389 tribuit.
675 1319 792 1390 Curio,
817 1340 911 1386 anno
927 1301 989 1388 678
1014 1341 1043 1386 a.
1058 1343 1090 1386 u.
1105 1341 1131 1386 c.
1159 1320 1305 1386 consul.

15 1457 17 1461 ·
97 1437 134 1500 in
159 1433 293 1516 dialogi
323 1434 436 1500 torma
464 1432 596 1500 librum
629 1438 753 1500 contra
782 1432 969 1499 Caesarem
1002 1430 1122 1506 edidit„
1156 1433 1195 1498 in
1231 1454 1305 1518 quo

98 1568 216 1612 secum
242 1545 361 1612 Pansa
386 1552 421 1612 et
434 1545 602 1621 Cicerone
626 1542 889 1629 colloquentem
914 1544 994 1611 fecit
1020 1543 1182 1629 adeoque
1207 1552 1305 1611 tem-

96 1660 193 1742 poris
218 1661 390 1725 rationem
416 1655 584 1741 neglexit,
608 1663 648 1723 ut
665 1678 720 1722 res
743 1654 916 1741 quasdam
934 1678 1024 1742 quae
1040 1655 1166 1723 multis
1193 1661 1305 1724 annis

95 1776 289 1854 postquam
330 1792 444 1837 senno
485 1770 631 1836 habitus
668 1791 744 1834 esse
779 1768 981 1852 fingebatur
1016 1791 1036 1834 a
1070 1769 1226 1836 Caesare
1266 1773 1305 1835 in

4 1968 9 1972 -
99 1881 219 1949 Gallia
242 1890 363 1965 gestae
388 1889 496 1951 erant.
522 1882 662 1948 referret
687 1887 696 1952 t
703 1882 741 1946 ci'.
769 1882 839 1948 (lic.
864 1881 963 1948 Brut.
989 1887 1052 1948 ‘218
1077 1890 1156 1964 sq).

200 1994 336 2061 Eodem
360 1995 429 2060 fere
453 2002 610 2079 tempore
626 1993 673 2058 M.
691 1992 876 2059 Terentius
893 1992 1006 2060 Varro
1025 1992 1070 2059 ad
1088 1992 1305 2078 exenrplum

96 2107 305 2175 Heraclidae
338 2113 369 2173 et
400 2105 562 2192 Menippi
589 2101 815 2186 logiStoricos
848 2112 881 2171 et
915 2105 1050 2172 Satires
1083 2104 1305 2191 Menippeas

97 2223 238 2305 scripsit
263 2240 352 2304 quae
377 2239 636 2302 nonnunquam
661 2220 696 2284 in
720 2215 863 2300 dialogo
885 2224 1072 2284 versantur
1096 2217 1153 2288 (cf.
1169 2217 1305 2288 Riese

95 2331 193 2398 Varr.
220 2329 391 2398 sat.Men.
416 2335 506 2415 pfld
530 2352 616 2415 sqq,
642 2337 683 2397 34
698 2339 776 2415 sq).
804 2330 905 2415 Opus
931 2351 1072 2416 quoque
1097 2329 1140 2395 de
1166 2336 1305 2399 rustica

95 2467 131 2510 re
163 2443 257 2529 quod
288 2444 493 2509 inscribitur
521 2442 616 2508 hanc
647 2445 916 2527 compositionis
952 2443 1101 2509 formam
1137 2446 1305 2527 praebet.

95 2555 326 2623 distributum
352 2557 466 2621 estin
490 2561 560 2621 tres
583 2553 695 2623 libros
721 2553 851 2638 quibus
881 2556 1063 2638 prooemia
1096 2561 1305 2640 praeniissa

96 2676 193 2743 suut„
217 2676 339 2734 arrctor
366 2670 439 2751 ipse
461 2688 539 2733 eum
559 2666 769 2750 aequalibus
786 2665 915 2750 prodit,
941 2687 1068 2732 scaeua
1083 2669 1305 2737 Aristotelio

95 2804 189 2849 ruore
214 2786 381 2845 mutatur.

200 2890 376 2971 Quoniam
403 2896 520 2955 autem
545 2889 631 2954 haec
657 2891 787 2971 scripta
811 2889 880 2953 iere
905 2897 981 2954 tota
1012 2893 1147 2976 periero
1182 2915 1305 2980 neque

95 3003 302 3073 coniciendo
328 2999 479 3069 multum
506 3020 572 3065 nos
598 3005 823 3065 assecuturos
848 3022 924 3066 esso
956 3009 1140 3086 putamus,
1175 3011 1305 3074 statim

95 3118 139 3184 ad
176 3117 379 3184 Ciceronem
417 3113 521 3179 liceat
558 3112 706 3176 transire
743 3114 800 3194 qui
844 3133 924 3178 cum
963 3117 1178 3198 saepissime
1222 3126 1305 3186 tum

93 3232 250 3297 maxima
274 3249 352 3293 curru
379 3227 549 3290 varietate
581 3220 723 3302 dialogo
749 3244 835 3288 usus
861 3234 921 3290 est.
978 3225 1048 3291 Sed
1080 3229 1306 3315 priusquam

45 3419 48 3425 ¹
94 3345 298 3409 varietatem
340 3341 445 3403 istam
486 3336 755 3418 compositionis
798 3338 997 3402 accuratius
1034 3343 1305 3412 examinemus.

53 3487 55 3490 >
94 3475 164 3540 qua
197 3451 239 3517 dc
272 3469 380 3514 causa
413 3449 526 3531 ipsam
561 3444 693 3522 dialogi
730 3445 877 3510 tonnam
916 3439 1058 3530 elegerit
1094 3449 1305 3523 rideamus.

94 3567 167 3634 Hac
202 3568 237 3631 in
275 3561 483 3647 quaestione
518 3555 671 3621 multum
710 3577 776 3619 nos
817 3554 990 3625 adunant
1036 3564 1216 3646 epistolae
1260 3570 1305 3637 ad

94 3681 252 3747 Atticum
282 3675 412 3739 missae
442 3689 531 3753 quere
560 3668 631 3731 tata
667 3665 770 3730 nobis
796 3665 1089 3741 Academicorum
1124 3679 1305 3762 produnt¹

93 3793 199 3860 Initio
225 3790 319 3854 enim
344 3782 486 3849 duobus
509 3777 612 3845 libris
638 3797 675 3841 ea
708 3779 1022 3861 eonqnehenderat¹
1052 3798 1084 3853 et
1112 3765 1305 3864 Catulum.

93 3902 324 3972 Hortensium
357 3890 551 3960 inu-ullum
584 3886 808 3971 disputantes
851 3890 1046 3960 induxerat.
1109 3899 1181 3968 Sed
1218 3928 1305 3976 eum

94 4013 305 4085 Academica
330 4028 395 4074 sua
419 4006 453 4069 in
480 4020 601 4067 eorum
635 4017 806 4080 personas
837 4003 957 4068 minus
989 4006 1114 4075 eadere
1148 4016 1305 4099 videret

96 4125 190 4214 quod
214 4130 299 4191 nota
323 4126 395 4187 erat
418 4111 626 4181 hominibus
650 4128 722 4171 non
754 4106 895 4174 illorum
929 4116 1071 4197 (pridem
1105 4119 1305 4207 ἀπαιδευσία,

95 4239 154 4309 sed
181 4242 217 4305 in
242 4239 285 4304 iis
309 4233 414 4300 rebus
439 4219 565 4304 ἀτριῴία,
589 4213 733 4284 eosdem
751 4215 834 4282 illos
853 4243 1034 4294 sermones
1053 4231 1099 4297 ad
1118 4224 1305 4311 illisionem
