2798 4680
105 306 148 370 36

101 533 189 592 ματα,
213 506 278 594 περὶ
301 514 355 571 τῶν
378 515 479 572 κοινῶν
502 512 623 583 ἐννοιῶν,
647 505 711 592 περὶ
735 513 785 591 τῆς
809 504 977 593 ἀορηηοίας,
1001 505 1122 592 πότερον
1144 512 1198 570 τῶν
1224 507 1306 579 ζώων

99 621 293 706 φρονιμότερα
328 621 362 684 τὰ
399 625 525 708 χερσαῖα
558 617 578 704 ἦ
612 619 647 682 τοὶ
683 619 802 706 ἔνυδρα,
837 618 902 706 περὶ
935 626 987 684 τοῦ
1024 619 1060 683 τὰ
1095 613 1190 704 ἄλογα
1225 619 1307 706 λόγῳ

100 737 241 821 χρῆσθαι.

204 847 396 935 Proprium
412 855 467 915 est
490 870 623 926 eorum,
647 845 744 933 quod
760 845 1006 933 colloquentes
1023 848 1193 933 perpauci
1217 853 1308 915 sunt

98 970 134 1029 et
157 947 251 1029 unus
275 968 395 1030 totum
419 968 670 1047 argumentum
693 959 860 1027 decantat
882 959 940 1027 vel
964 967 1003 1027 ut
1018 963 1056 1028 in
1071 959 1165 1028 libro
1182 956 1307 1042 πότερον

98 1079 153 1135 τῶν
184 1073 265 1145 ζώων
295 1081 357 1143 eto.
389 1072 460 1143 duo
492 1077 529 1142 in
564 1081 753 1159 utramque
785 1079 925 1158 partem
960 1071 1161 1159 disputant;
1196 1075 1307 1140 ceteri

99 1190 296 1257 orationem
321 1210 396 1256 non
421 1190 685 1272 interrumpunt
708 1188 776 1252 nisi
803 1192 843 1252 ut
866 1183 912 1252 ad
936 1184 1042 1252 aliam
1067 1191 1204 1272 partem
1226 1197 1311 1252 eam·

98 1299 297 1368 traducant.
318 1300 344 1382 ¹)

200 1412 242 1480 ln
267 1413 456 1483 nonnullis
481 1412 633 1496 dialogis
658 1419 849 1498 utrumque
867 1433 982 1495 genus
999 1409 1188 1479 Platonico
1203 1434 1305 1481 more

102 1523 273 1594 adhibuit
307 1525 469 1610 (ἐρωτικὸς,
492 1551 521 1587 π.
544 1530 595 1588 τοῦ
618 1524 658 1608 μὴ
682 1529 757 1610 χρᾶν
781 1523 910 1608 ἔμμετρα
932 1529 981 1586 νῦν
1004 1523 1056 1586 την
1080 1520 1202 1597 Πυθίαν,
1228 1550 1257 1587 π.
1280 1550 1305 1594 τ.

96 1636 269 1722 Σωκράτους
302 1635 463 1722 δαιμονίου,
494 1637 659 1706 similiter·
682 1640 719 1704 in
746 1636 899 1721 dialogis
923 1632 988 1720 napi
1011 1641 1064 1699 τῶν
1086 1637 1305 1721 ἐκλειπομὲνων

95 1749 288 1835 χρηστηρίων,
323 1775 351 1812 π.
375 1775 398 1812 τ.
432 1750 644 1844 ἐμφοινομένου
679 1748 830 1834 προςώπου
865 1754 916 1812 τοῦ
950 1747 1059 1812 κύκλου
1087 1755 1137 1832 τῆς
1166 1751 1303 1834 σελήνης,

96 1862 254 1943 συμπόσιον
270 1870 324 1926 τῶν
341 1862 413 1925 ἑπτὰ
431 1868 561 1946 cecoton
586 1870 719 1930 ceteros
743 1862 1013 1949 Theophrasteo
1029 1885 1126 1931 more
1150 1885 1171 1930 a
1193 1885 1302 1950 prae-

97 1976 230 2044 fatione
254 1975 403 2045 incohat
426 1996 517 2061 quae
541 1997 621 2043 oum
646 1974 781 2059 dialogi
805 1983 1014 2058 argumento
1038 1998 1111 2045 non
1135 1977 1305 2046 cohaeret

90 2085 134 2156 'et
166 2092 204 2156 in
240 2087 383 2172 dialogo
418 2088 622 2172 ,συμποσιακά
656 2086 866 2172 προβλημοτο“
900 2087 958 2155 vel
997 2089 1152 2173 singulis
1193 2090 1303 2159 libris

94 2205 279 2288 prooemia
299 2204 505 2288 praemittit.
544 2201 639 2270 Raro
664 2202 734 2268 sibi
759 2203 829 2287 ipsi
853 2200 994 2269 dicendi
1016 2208 1136 2288 partes
1160 2203 1303 2281 tribuit,

93 2313 304 2400 plerumque
340 2318 563 2401 propinquos
600 2321 662 2381 aut
696 2312 900 2391 familiares,
937 2315 1014 2383 solo
1049 2316 1087 2380 in
1120 2314 1302 2385 Convivio

95 2435 257 2524 mortuos
282 2427 531 2514 colloquentes
555 2425 701 2494 inducit.

198 2540 377 2608 Personae
395 2544 472 2608 eius
490 2561 629 2626 semper
648 2539 718 2607 fere
734 2545 908 2625 perpetua
925 2543 1083 2607 oratione
1098 2539 1304 2626 loquuntur

92 2673 290 2738 omnesque
324 2655 474 2740 pariter.
495 2655 670 2721 sermonis
704 2655 894 2738 participes
931 2660 1031 2731 sunt,
1074 2655 1111 2720 in
1153 2651 1301 2724 duobus

93 2771 216 2833 tamen
250 2764 407 2850 dialogis
443 2766 530 2850 (πρὸς
564 2765 710 2847 Κολώτην.
743 2765 894 2849 ἐρωτικὸς)
929 2767 1151 2851 principatus
1186 2787 1301 2852 penes

94 2898 208 2946 unum
233 2886 295 2946 est.

197 2989 371 3058 Videmus
418 2993 529 3074 igitur
569 2989 803 3064 Plutarchum
851 2988 1114 3058 diversissimas
1160 2991 1302 3077 dialogi

93 3101 225 3171 formas
260 3102 473 3173 adhibuisse
505 3102 839 3188 diversissimasque
868 3105 1098 3187 quaestiones
1130 3102 1299 3174 inlibris

93 3217 171 3283 suis
194 3222 385 3295 tractasse;
421 3219 608 3300 coniungit
630 3215 856 3283 Platonicam
879 3214 1099 3284 hilaritatem
1123 3223 1156 3284 et
1178 3240 1299 3287 venu-

94 3333 224 3396 statem
248 3351 329 3396 cum
353 3329 565 3397 Aristotelia
596 3319 767 3407 doctrina,
799 3327 1089 3414 Theophrastum
1118 3336 1153 3396 et
1180 3329 1298 3399 Hera-

93 3440 221 3509 clidem
247 3462 319 3508 non
343 3445 464 3509 minus
489 3445 649 3509 imitatur
670 3464 776 3526 quam
792 3441 983 3508 Platonem
999 3448 1035 3508 et
1050 3442 1299 3525 Aristotelem,

92 3576 137 3621 no
167 3553 367 3624 Stoicorum
400 3555 545 3640 quidem
574 3577 652 3622 mos
685 3558 827 3633 ignotus
852 3556 884 3620 ei
908 3551 1014 3628 est.²)
1070 3552 1129 3622 Sic
1152 3576 1296 3642 reprae-

92 3674 213 3734 sentat
246 3669 352 3735 nobis
390 3690 513 3736 omnes
548 3668 617 3734 fero
652 3667 920 3758 vicissitudines
956 3688 1046 3753 quas
1084 3687 1140 3734 ars
1176 3666 1296 3740 dialo-

93 3801 220 3863 gorum
245 3780 576 3867 componendorum
599 3801 661 3866 per
685 3787 855 3866 quattuor
878 3781 1022 3848 saecula
1046 3781 1203 3849 subierit.

195 3892 313 3962 Multo
343 3897 470 3976 magle,
501 3896 531 3961 si
561 3901 742 3960 externam
776 3893 1002 3978 dialogorum
1027 3897 1181 3982 speciem
1205 3917 1296 3963 oon-

92 4005 318 4091 templamur,
342 4005 531 4074 Platonem
565 4013 706 4073 secutus
736 4016 788 4072 est
821 4007 1015 4074 lnrciauus.
1065 4007 1197 4076 Omnes
1222 4008 1297 4077 fere

197 4177 217 4239 ¹)
235 4197 261 4230 π.
280 4196 303 4230 τ.
322 4197 387 4231 κυιν,
407 4179 456 4231 ἐνν,
476 4196 500 4236 e,
522 4184 561 4241 itt,
581 4183 630 4236 as:
651 4199 707 4231 ποτ.
728 4198 749 4229 τ.
771 4175 839 4237 ζώων
859 4197 882 4235 ο,
902 4185 944 4235 923,

194 4250 217 4331 ᾖ)
237 4263 282 4321 Cf.
302 4263 385 4338 πρὸς
404 4262 480 4318 tici.
499 4283 523 4322 o.
543 4272 558 4322 9
577 4273 607 4322 et
628 4272 666 4322 if».
