2798 4680
142 316 185 377 44

143 541 164 584 a
199 515 404 585 divulsione
439 516 575 600 dialogi
608 539 724 604 neque
758 537 917 603 unquam
956 524 1078 603 aptam
1118 517 1352 584 occasionem

143 629 336 715 praebebat
359 652 558 699 sermonem
583 628 873 716 interrumpendi.
913 629 1127 699 Aristoteles
1146 635 1266 696 autern
1284 630 1351 714 qui

145 745 183 808 in
200 739 354 825 dialogis
372 745 447 810 suis
464 765 538 810 non
555 749 630 810 tam
647 745 880 829 inquisivisse
898 763 1005 828 quam
1022 740 1188 810 docuisse
1203 738 1356 808 videtur

144 855 189 922 ob
227 876 375 940 eamque
411 876 558 923 causam
598 877 620 922 a
654 855 842 925 Platonico
883 877 981 923 more
1025 852 1271 937 interrogandi
1312 860 1352 920 et

143 966 384 1053 respondendi
414 971 559 1036 recessit
582 968 685 1036 facile
715 976 799 1055 post
827 968 976 1052 longam
1008 970 1205 1036 orationem
1235 988 1351 1053 quam

144 1079 215 1147 alia
238 1087 430 1167 exceptura
454 1088 529 1149 erat
552 1103 751 1149 sermonem
768 1083 958 1167 interrupit
973 1101 1088 1166 neque
1114 1078 1351 1148 artificiosam

145 1196 442 1279 compositionem
461 1197 518 1261 sui
544 1193 679 1277 dialogi
705 1192 899 1262 admodum
920 1192 1033 1261 laesit.
1070 1192 1167 1260 Num
1188 1212 1229 1259 eo
1249 1191 1351 1278 quod

146 1327 318 1391 personas
354 1328 440 1374 suas
476 1309 672 1374 sententias
706 1315 880 1393 perpetua
916 1308 1077 1374 oratione
1112 1304 1348 1373 decantantes

146 1420 238 1497 fecit,
261 1419 392 1487 melius
417 1440 617 1487 sermonem
641 1422 802 1487 imitatus
821 1422 878 1496 sit,
895 1418 968 1485 alia
984 1426 1038 1486 est
1053 1421 1228 1504 quaestio,
1253 1424 1354 1485 certe·

144 1531 212 1601 hoc
233 1532 340 1600 modo
363 1535 501 1601 occasio
522 1531 606 1599 elata
619 1539 692 1599 erat
709 1531 894 1614 dialogum
912 1535 950 1600 in
966 1529 1079 1599 libros
1093 1518 1353 1598 distribuendi

147 1644 268 1711 Cicero
292 1668 337 1713 ne
361 1649 398 1713 in
422 1646 490 1713 hac
515 1643 658 1731 quidem
675 1648 908 1714 innovatione
925 1645 1133 1714 Aristotelis
1150 1645 1350 1728 acquievit:

144 1756 202 1824 vel
226 1760 303 1825 sine
328 1780 476 1827 scaenae
499 1761 699 1826 mutatione
722 1757 887 1841 dialogos
913 1760 950 1824 in
973 1749 1087 1826 libros
1112 1755 1245 1824 divisit.

247 1870 324 1938 lam
348 1874 615 1939 meminerimus
641 1892 711 1957 quo
737 1870 888 1939 consilio
912 1870 1184 1956 philosophiam
1212 1875 1350 1937 tracta-

148 1987 253 2054 verit:
286 2006 360 2051 non
393 2005 497 2053 suam
531 1986 743 2052 sententiam
776 1986 1010 2070 pronuntiare
1043 1981 1133 2062 vult,
1166 1979 1229 2048 sed
1260 1979 1352 2068 quid

144 2101 275 2164 summi
298 2096 511 2184 philosophi
541 2095 584 2164 de
615 2096 772 2180 singulis
806 2088 1081 2182 quaestionibus
1111 2097 1361 2179 cogitaverint

112 2243 114 2246 v
145 2231 329 2295 exponere.
377 2210 450 2276 Nec
475 2218 666 2278 contentus
691 2218 745 2277 est
768 2208 978 2287 enarrando,
1002 2211 1047 2278 ab
1072 2218 1223 2294 utraque
1245 2216 1355 2294 parte

146 2321 188 2389 de
212 2344 429 2409 unaquaque
453 2325 538 2405 agit.
585 2323 706 2408 Atque
730 2344 810 2391 curn
834 2322 902 2390 hac
926 2325 963 2390 in
987 2328 1175 2406 utramque
1205 2328 1351 2406 partem

146 2434 390 2521 disputatione
414 2434 619 2503 distributio
645 2435 709 2503 illa
731 2439 769 2503 in
799 2435 912 2505 libros
945 2437 1123 2502 artissime
1154 2435 1353 2501 coniuncta

145 2554 207 2615 est.
266 2548 482 2634 Plerumque
517 2553 612 2616 enim
647 2551 685 2615 in
720 2550 817 2616 binis
851 2547 954 2616 libris
990 2551 1098 2616 unius
1133 2545 1353 2633 philosophi

146 2664 323 2728 sententia
339 2661 382 2729 de
406 2661 587 2747 aliquare
612 2662 823 2739 tractatur¹)
847 2681 1110 2747 nonnunquam
1133 2659 1229 2727 idem
1252 2657 1351 2729 liber

144 2780 179 2839 et
202 2775 418 2842 invectivam
442 2782 476 2842 et
498 2773 740 2844 defensionem
758 2772 957 2853 continete
993 2771 1067 2842 Ubi
1084 2773 1205 2841 Cicero
1224 2775 1352 2841 minus

106 2929 109 2936 -
145 2889 183 2953 in
229 2895 416 2972 utramque
462 2895 600 2974 partem
645 2887 818 2974 disputat,
872 2887 942 2957 alio
986 2886 1137 2955 consilio
1181 2883 1352 2970 dialogos

147 2997 340 3077 distribuit,
376 3022 515 3086 semper
548 3008 666 3067 autem
702 3001 838 3084 singuli
877 2999 959 3069 libri
998 3007 1092 3067 certo
1132 3007 1349 3082 argumento

146 3110 374 3179 definiuntur.

248 3224 390 3292 Minora
413 3229 488 3293 eius
513 3229 646 3312 scripta
670 3226 833 3305 (Laelius
844 3225 884 3308 ³),
909 3225 998 3295 Cato
1018 3222 1181 3306 maior4),
1197 3223 1352 3304 Brutus,

144 3337 187 3404 de
226 3339 316 3413 tato)
349 3342 400 3404 ita
435 3342 634 3424 composita
669 3346 764 3418 sunt,
799 3346 839 3406 ut
866 3360 961 3405 unus
998 3360 1016 3404 e
1055 3335 1352 3422 colloquentibus

249 3562 269 3630 ¹)
290 3562 326 3618 de
347 3565 395 3620 liu.
418 3563 438 3623 l.
458 3563 495 3634 Π,
515 3563 570 3632 lli,
590 3561 642 3631 lif.
662 3562 740 3618 deor.
755 3562 868 3629 until,
888 3561 942 3628 ΠΙ,
962 3560 999 3616 de
1018 3560 1110 3616 divin.
1124 3560 1216 3618 Acad.
1235 3566 1352 3628 poster.

250 3648 272 3716 a)
290 3649 382 3706 Acad.
402 3649 492 3718 prior.
513 3650 549 3706 de
568 3650 619 3706 tin.
639 3648 675 3718 V,
695 3649 774 3706 deor.
794 3654 854 3705 nat.
874 3648 890 3704 l
907 3647 1096 3704 Hortensius.

249 3736 269 3804 ³)
294 3735 384 3793 Hunc
417 3742 447 3793 et
481 3744 658 3805 sequentem
692 3736 844 3803 dialogum
878 3733 1056 3792 Heraclidae
1088 3751 1202 3791 morem
1233 3732 1353 3792 imitari

145 3822 364 3881 demonstravit
382 3822 502 3880 Riesius
521 3822 606 3880 Varr.
627 3829 681 3880 sat.
701 3822 779 3879 Men.
798 3840 827 3890 p.
847 3825 889 3877 34.

248 3909 269 3978 ⁴)
288 3909 333 3966 De
351 3908 456 3966 eodem
474 3914 649 3977 argumento
668 3909 763 3966 multo
782 3914 858 3977 post,
883 3915 917 3964 ut
936 3906 1063 3973 videtur,
1083 3906 1197 3964 Iuncus
1223 3905 1359 3989 quidam

145 3995 296 4064 dialogrmr
323 3994 444 4065 scripsit
468 3995 555 4053 cuius
580 3996 747 4062 traginenta
774 3994 860 4051 nobis
886 3999 1061 4050 conservata
1086 3993 1208 4050 suntin
1227 3993 1351 4052 Stobaci

145 4081 301 4150 florilegio.
348 4081 485 4151 Scriptus
504 4081 598 4140 titisse
617 4081 738 4139 videtur·
755 4081 786 4138 in
807 4080 969 4137 dranratico
989 4096 1111 4148 genere;
1132 4078 1357 4159 colloquuntur¹

147 4175 293 4239 perpetua
312 4169 445 4228 oratione
465 4168 514 4227 usi
532 4172 589 4228 νέος
607 4189 644 4228 τις
663 4175 693 4225 et
711 4173 801 4242 γέρων.
837 4166 924 4225 Prior
942 4166 1120 4224 adulescens
1145 4165 1272 4242 crimina
1295 4165 1350 4226 illa

51 4272 53 4279 ·
148 4256 313 4315 senectutis
333 4274 408 4326 quae
427 4274 466 4313 ex
486 4254 637 4314 Ciceronis
655 4254 731 4312 libro
749 4259 819 4311 nota
845 4258 916 4310 sunt
939 4253 1130 4323 pronuntiat:
1161 4246 1350 4313 senectutem

721 4382 799 4399 Aua...
