2798 4680
1238 319 1287 382 41*

84 528 268 594 notionem
292 529 460 604 iustitiae,
488 532 529 592 ut
552 524 715 611 exemplo
740 532 829 600 utar,
854 521 999 590 definire
1024 517 1145 590 studet
1168 544 1291 608 neque·

74 659 241 724 unquam
266 638 505 724 colloquentis
530 640 773 705 assensionem
796 637 919 703 elicere
937 634 1078 714 desinit
1101 635 1281 704 Ciceronis
1321 716 1322 719 Ἴ

86 750 204 837 Scipio
241 751 343 818 docet
382 755 504 838 potius
545 758 578 817 et
618 749 758 817 laudari
801 770 838 815 sc
878 751 1013 834 patitur
1054 750 1098 816 ab
1142 751 1289 827 amicis;.

87 863 247 932 Socrates
284 873 391 948 negat
425 866 614 949 quiequam
658 885 695 930 se
732 860 773 928 de
816 870 945 930 natura
984 864 1141 928 iustitiae
1182 865 1289 937 scires.

87 975 205 1063 Scipio
230 980 268 1044 in
292 979 394 1044 initio
421 979 593 1043 orationis
618 975 803 1062 profitetur
826 979 863 1043 in
887 973 987 1042 nulla
1015 996 1048 1040 rc
1072 973 1280 1057 diligentius

83 1111 120 1177 se
144 1097 178 1157 et
201 1093 316 1156 acrius
341 1100 524 1156 versatum
549 1110 635 1155 esse.
683 1088 730 1156 Et
762 1092 793 1155 si
823 1096 978 1155 extrema
1009 1090 1288 1173 compositionis-

81 1202 303 1271 lineamenta
337 1200 631 1287 contemplamur,
668 1201 739 1267 alia
773 1203 878 1271 nobis
913 1208 1101 1271 occurrunt
1135 1221 1225 1286 quae
1260 1222 1287 1266 a.

82 1314 269 1383 Platonico
295 1337 392 1383 more
414 1315 530 1382 aliena
550 1321 645 1392 sunt,
669 1318 850 1400 prooemia
870 1313 1002 1380 seilicet
1022 1321 1057 1380 et
1075 1313 1288 1381 distributio

84 1427 149 1495 illa
181 1431 218 1495 in
248 1427 371 1496 libros.
420 1426 607 1506 Quomodo
641 1449 720 1494 cum
751 1436 960 1510 argumenta
990 1447 1118 1509 magna
1150 1426 1278 1494 simili-

82 1540 209 1608 tudine
226 1563 360 1609 conexa
374 1543 457 1619 sint,
471 1539 605 1622 dialogi
618 1539 731 1607 forma
743 1539 969 1606 Platonicum
984 1551 1017 1607 ct
1030 1538 1279 1606 Aristoteliam

79 1675 215 1721 morem
241 1657 333 1720 inter
357 1675 393 1720 se
418 1656 650 1720 commixtum
674 1655 828 1739 praebet.

187 1767 306 1833 Libris
334 1765 396 1843 „dc
421 1788 456 1832 re
479 1765 645 1852 publica“
666 1765 786 1832 Cicero
812 1766 995 1849 dialogum
1022 1764 1286 1848 „deliegibns‘”
1354 1745 1358 1751 ³

81 1878 258 1946 adiunxit.
306 1878 420 1958 Quem
456 1901 536 1946 cum
568 1899 745 1963 nusquam
779 1882 815 1945 in
847 1880 987 1963 scriptis
1017 1881 1093 1944 suis
1123 1900 1287 1945 comme--

76 1995 235 2067 morarit,
248 1995 316 2059 riri
330 1991 423 2058 docti
436 1999 529 2059 recte
543 1990 625 2057 inde
638 1995 1118 2077 conieceruntpostmortem
1133 1989 1278 2059 demum

76 2107 155 2171 eius
181 2103 316 2171 editum
341 2127 427 2172 esse.
463 2104 551 2172 Inde
574 2106 708 2173 sactum
733 2126 873 2190 qiroqnc
898 2103 1075 2189 estquod
1096 2106 1285 2189 prooemia

77 2217 228 2296 desunt3
252 2226 371 2285 tamen
395 2225 505 2286 restat
530 2217 723 2285 difficultas
749 2216 931 2302 queredanr.
969 2216 1085 2302 Supra
1109 2220 1177 2283 iam
1202 2215 1277 2283 dixi

74 2334 263 2417 prooemia
297 2352 370 2399 non
405 2334 477 2399 nisi
511 2330 648 2399 scaena
673 2338 811 2398 mutata
849 2333 1038 2416 praemitti.
1097 2330 1284 2409 Quoniam

79 2449 202 2510 autem
225 2442 293 2510 hoc
318 2446 355 2510 in
380 2442 523 2526 dialogo
548 2467 622 2512 non
645 2450 814 2515 mutatur,
844 2447 1026 2529 prooemia
1053 2441 1173 2511 locum
1203 2463 1276 2509 non

78 2555 225 2624 habent.
262 2555 395 2623 Tamen
420 2559 523 2623 initia
547 2554 695 2623 secundi
718 2563 752 2622 et
775 2559 869 2623 tertii
891 2555 976 2623 libri
999 2558 1050 2621 ita
1073 2562 1278 2641 comparata

78 2675 176 2747 sunt,
200 2675 241 2735 ut
264 2668 442 2736 eiusmodi
465 2668 691 2736 inductiones
715 2690 862 2754 prorsus
892 2667 1144 2735 desiderentur,
1192 2668 1274 2736 Cer-

77 2783 218 2848 tissime
249 2784 358 2864 igitur
395 2789 542 2868 apparet
574 2781 778 2849 Ciceronem
815 2791 1012 2849 extremum
1052 2780 1277 2867 perpoliendi

74 2894 237 2962 laborem
259 2897 356 2980 operi
374 2917 448 2963 non
467 2893 684 2962 adhibuisse.
722 2894 884 2962 Ceterum
904 2893 1104 2962 notandum
1123 2893 1276 2973 videtur,

75 3006 174 3093 quod
197 3006 361 3075 Platonis
385 3006 606 3094 Respublica
636 3015 669 3075 et
692 3009 806 3092 Leges
838 3006 959 3075 eadem
992 3028 1064 3092 qua
1095 3006 1275 3075 Ciceronis

74 3120 291 3206 homonymi
309 3121 393 3188 libri
412 3123 682 3206 compositionis
695 3124 910 3207 proprietate
928 3124 1018 3187 inter
1032 3143 1068 3187 se
1087 3118 1281 3186 distinctae·
1380 3120 1383 3125 ’

60 3240 180 3307 sunt:
212 3232 301 3300 alter
325 3232 490 3317 dialogus
515 3237 552 3300 in
577 3233 809 3316 diegematieo
839 3255 977 3317 genere,
1008 3232 1096 3300 alter
1124 3237 1162 3299 in
1192 3231 1273 3298 dra-

58 3347 202 3414 matico
228 3349 381 3432 scriptus
406 3353 467 3414 est.

182 3457 309 3526 Restat
332 3466 372 3525 ut
394 3479 510 3545 pauca
534 3457 649 3526 dicam
674 3458 716 3526 de
741 3459 883 3542 dialogo
910 3462 971 3544 qui
1002 3461 1207 3527 inscribitur
1231 3458 1283 3527 de

68 3573 265 3658 partitione
301 3574 454 3638 oratoria
486 3575 547 3657 qui
580 3593 694 3658 neque
724 3571 952 3640 Platonicum
987 3592 1101 3656 neque
1130 3570 1272 3639 Aristo-

68 3681 197 3751 telium
229 3706 363 3751 morem
398 3686 567 3751 imitatur.
627 3683 796 3752 Continet
826 3706 1023 3753 sermonem
1055 3705 1075 3749 a
1105 3684 1277 3751 Cicerone

72 3818 156 3863 cum
189 3795 311 3864 Marco
346 3796 422 3863 filio
459 3795 669 3864 cruditionis
706 3817 815 3863 cansa
848 3799 1013 3865 habitum
1047 3799 1272 3881 maximeque

71 3908 119 3975 ad
148 3906 426 3977 Oeconomicum
456 3909 711 3997 Xenophontis
749 3909 889 3977 accedit.
943 3908 1168 3994 Quamquam
1203 3909 1272 3976 hoc

70 4020 208 4106 dialogi
231 4044 345 4107 genus
372 4024 538 4092 omnibus
563 4024 633 4090 1111
657 4026 742 4090 artis
765 4022 935 4091 laudibus
960 4031 1064 4101 caret,
1095 4030 1214 4090 tamen
1238 4029 1273 4090 et

69 4154 92 4201 a
111 4131 256 4202 Graecis
282 4143 316 4202 et
339 4134 549 4204 aRomanis
575 4139 717 4222 saepius
743 4135 944 4203 adhibitum
969 4144 1032 4214 est,
1056 4135 1096 4201 ef.
1116 4133 1272 4202 Secundi

72 4245 283 4333 philosophi
317 4270 490 4334 responsa
522 4247 566 4315 ad
594 4251 890 4331 interrogationes
914 4247 1067 4317 Adriani
1092 4247 1324 4404 (1111111111,
