2798 4680
150 295 196 364 16

154 501 295 585 putatio
321 501 521 585 composita
544 505 607 566 est.
653 496 729 565 Has
748 503 793 564 ut
814 504 908 577 recte
930 497 1195 581 intellegamus,
1222 497 1349 564 memi-

154 615 313 695 nerimus
338 616 477 698 op'ortet
499 608 689 678 Platonem
711 608 887 697 plurimos
912 607 1075 694 dialogos
1099 630 1139 678 eo
1160 611 1350 696 praecipue

149 723 307 808 consilio
332 726 530 811 scripsisse,
553 729 595 790 ut
618 722 840 791 adversarios
868 721 1044 792 refutaret.
1090 721 1168 790 Hoc
1195 724 1349 791 maxime

150 845 304 926 apparet
326 840 364 905 in
387 839 440 904 iis¹
456 833 622 921 dialogis,
645 838 683 904 in
707 819 839 922 quibus
863 834 907 903 de
929 837 1077 903 notione
1105 833 1262 921 quadam
1290 832 1348 902 de·

154 949 315 1031 finienda
337 952 463 1033 agitur,
521 947 736 1035 Plerumque
758 969 932 1036 personas
956 967 1041 1015 suas
1065 946 1349 1032 adversariorum

149 1063 200 1132 -de
229 1083 370 1150 quaque
398 1082 435 1130 re
453 1064 660 1131 sententias
687 1060 905 1149 proferentes
933 1060 1023 1144 ¹facit
1055 1081 1160 1147 quas,
1175 1063 1254 1148 ipse
1283 1058 1348 1130 sub

151 1176 313 1245 'Socratis
337 1197 492 1262 persona
513 1173 643 1244 refellit
666 1181 729 1242 aut
750 1181 864 1243 totam
893 1176 1175 1259 inquisitionem,
1192 1175 1231 1241 in
1263 1170 1348 1242 defi-

49 1350 51 1357 ,
156 1292 297 1358 nitioue
334 1286 489 1375 quadam
524 1285 718 1357 adversarii
745 1289 896 1356 exstruit
923 1307 1014 1372 quae
1042 1307 1174 1373 omnes
1194 1287 1239 1355 ab
1272 1288 1348 1373 ipso

148 1401 315 1490 *prolatas
344 1401 523 1471 convellit.
570 1399 649 1468 Hoc
677 1398 784 1470 modo
814 1401 1017 1485 composuit
1038 1398 1212 1485 Lysidem
1236 1398 1348 1469 Char·

154 1512 287 1582 midem
310 1514 503 1581 Lachetem
519 1512 820 1600 Euthyphronem
843 1510 1016 1599 Hippiam
1037 1514 1209 1581 maiorem
1222 1510 1349 1599 Oraty*

154 1625 234 1696 lum
267 1626 459 1695 Menonern
492 1625 741 1703 Theaetetum;
796 1623 960 1692 similiter
1004 1626 1042 1693 in
1086 1624 1173 1710 Ione
1217 1624 1351 1713 Hippia

156 1741 293 1823 minore
327 1739 525 1823 Protagora
547 1737 736 1807 Alcibiade
763 1739 897 1807 maiore
927 1735 1150 1807 adversarios
1179 1740 1351 1807 vanitatis

157 1861 194 1920 et
213 1855 376 1921 inscitiae
400 1853 570 1936 coarguit,
592 1853 633 1919 in
648 1848 782 1934 Gorgia
803 1857 838 1918 et
854 1848 998 1919 Critone
1022 1857 1062 1919 ut
1085 1853 1259 1919 erravisse
1277 1872 1353 1921 sese

151 1965 335 2034 fateantur
379 1969 594 2041 commovet,
639 1965 678 2030 in
714 1961 944 2048 Euthydemo
991 1965 1071 2049 ipsa
1116 1962 1355 2052 descriptione

32 2086 33 2090 ’
153 2077 302 2161 deridet.
350 2077 417 2160 (Cf.
442 2076 571 2146 Bonita
594 2075 735 2146 Platon.
761 2074 913 2145 Studien
935 2097 969 2162 p.
989 2075 1077 2159 126.)
1122 2075 1165 2145 In
1188 2074 1354 2147 Phaedro

152 2212 299 2278 quoque
338 2191 525 2277 inquisitio
566 2195 745 2256 exstructa
784 2196 838 2257 est
877 2192 1035 2276 oratione
1071 2188 1278 2269 adversarii,
1312 2188 1357 2258 de

62 2386 67 2399 .
151 2303 333 2372 ·Oonvivio
351 2324 461 2390 supra
472 2304 548 2390 J'am
565 2300 648 2369 dixi.
684 2300 955 2387 Nonnunquam
978 2301 1104 2385 (Crito,
1119 2301 1227 2389 Hipp.
1252 2301 1360 2387 mai.)

157 2414 368 2485 Platonicus
386 2414 549 2484 Socrates
566 2415 633 2483 sub
651 2412 771 2482 aliena
785 2435 940 2501 persona
955 2436 1016 2483 eos
1032 2413 1173 2494 refellit,
1197 2411 1373 2487 ὑπόστααιν,

152 2550 249 2615 quae
280 2527 410 2610 dicitur
437 2526 611 2624 adhibet.¹
648 2526 716 2609 (Or.
747 2529 855 2596 etiam
882 2526 1063 2615 Diotimae
1093 2547 1287 2614 personam
1318 2532 1375 2599 in.

152 2642 361 2725 Convivio.)
653 2719 655 2723 ¹
1246 2665 1249 2671 ’

263 2754 377 2823 Ceteri
390 2752 525 2838 dialogi
536 2755 587 2820 ita
597 2751 808 2840 plerumque
821 2755 1011 2838 compositi
1023 2760 1118 2832 sunt,
1137 2759 1179 2820 ut
1191 2756 1360 2841 quaestio

157 2869 343 2954 proposita
377 2864 423 2934 ad
457 2873 592 2950 certum
625 2863 750 2935 finem·
775 2864 1013 2952 perducatur..
1055 2863 1361 2936 Adversariorum

153 2979 402 3049 dubitationes
422 3001 496 3048 non
519 2986 594 3047 tam
617 2980 662 3048 ab
685 2980 776 3066 ipsis
800 2998 908 3070 quam
932 2976 1113 3068 aSocrate
1127 2977 1361 3064 proferuntur

153 3100 192 3161 -et
207 3113 339 3176 magne
354 3113 436 3160 oum
452 3090 652 3176 subtilitate
668 3091 885 3180 refutantur3
902 3112 997 3159 unus
1012 3089 1099 3160 adeo
1112 3092 1361 3179 principatum

157 3213 263 3285 tenet,
291 3213 332 3273 ut
359 3203 649 3292 colloquentibus
677 3206 851 3272 nonnisi
878 3202 1082 3271 affirmandi
1110 3210 1172 3271 aut
1198 3203 1363 3301 negandi

153 3321 257 3405 optio
281 3317 517 3404 relinquatur;
540 3323 617 3386 tota
640 3318 791 3385 omnino
811 3315 1006 3402 disputatio
1036 3318 1215 3400 δογματικῶς
1238 3299 1360 3405 magis

153 3451 266 3517 ,quam
289 3434 451 3512 ζητητικοῖς
468 3419 680 3498 instituitur.

262 3542 468 3611 Ceterorum
508 3540 769 3611 Socraticorum
808 3543 942 3628 scripta
987 3540 1159 3629 quoniam
1182 3602 1184 3604 ,
1204 3548 1376 3622 aetatem,

152 3663 318 3725 nostram
352 3676 427 3724 non
455 3654 618 3725 tulerunt
646 3675 762 3741 neque
797 3653 994 3724 discernere
1024 3673 1233 3743 possumus,
1268 3676 1362 3726 num

52 3790 54 3795 ’
154 3772 304 3837 omnino
331 3767 464 3853 dialogi
489 3769 532 3838 ab
557 3770 601 3837 iis
626 3769 817 3853 compositi
831 3769 906 3836 siut
929 3768 986 3850 (cf.
1003 3766 1168 3836 Panaetii
1182 3765 1363 3839 iudicium

158 3880 256 3967 apud
276 3881 475 3966 Diogenem
498 3882 533 3949 Il
556 3884 614 3965 64)
637 3879 835 3948 liceathoc
857 3879 936 3951 loco
960 3884 1083 3949 statim
1108 3902 1167 3950 eos
1191 3879 1361 3969 dialogos

157 4001 306 4062 tractare
330 3998 392 4081 qui
412 3993 522 4079 vulgo
536 3994 682 4064 Platoni
704 3994 964 4075 tribuebantur,
979 3993 1079 4062 haud
1094 3993 1219 4082 paullo
1236 4001 1362 4065 tamen

157 4115 242 4193 post
264 4108 414 4176 confecti
438 4115 532 4177 sunt.
578 4105 774 4193 Plerosque
802 4110 942 4194 antiqui
973 4110 1044 4176 iarn
1074 4110 1185 4176 critici
1213 4111 1362 4194 spurios

155 4241 237 4288 esse
273 4220 449 4300 dixerunt,
484 4220 653 4291 nonnulli
694 4228 817 4290 nostro
852 4219 997 4290 demum
1037 4219 1179 4290 saeculo
1212 4218 1365 4292 Platoni
