2798 4680
158 279 198 348 12

156 489 190 550 ct
202 481 297 553 idem
310 481 495 553 fabulosas
510 504 591 551 eum
603 491 709 569 saepe
725 487 788 549 aut
800 486 968 569 antiquas
979 504 1158 571 personas·
1166 483 1357 569 induxisse

157 616 310 681 quorum
341 593 515 682 exemplis
544 594 733 667 doctrinas
766 615 851 663 suas
885 595 1139 682 comprobaret.
1185 595 1208 664 l.
1241 597 1266 665 l.
1297 602 1357 674 §2

154 705 205 772 καὶ
221 703 266 771 ὅτι
281 706 298 769 ὁ
313 707 400 780 πόνος
423 705 540 793 ἀγαθὸν
563 707 720 790 συνέστησε
741 706 789 770 διὰ
813 706 1209 793 τοῦμεγάλουἭρακλὲους
1233 707 1287 773 καὶ
1309 715 1359 774 τοῦ

155 820 264 907 deoo,
286 822 320 886 τὸ
342 821 395 906 μὲν
418 819 477 887 ἀπὸ
499 826 554 885 τῶν
572 819 736 903 Ἑλλήνων,
765 819 797 883 τὸ
821 817 855 883 δὲ
878 817 936 883 ἀπὸ
964 825 1019 883 τῶν
1040 819 1199 906 βαρβάρων
1223 821 1359 895 ἑλκύσας.

64 966 67 971 -
130 934 308 1029 ipsosne
328 933 512 1002 induxerit
535 954 581 1001 an
606 931 789 1001 Socratem
813 954 994 1002 sermones
1019 934 1064 1003 ab
1093 937 1138 1003 iis
1167 937 1362 1005 institutos

155 1056 358 1119 narrantem
380 1047 512 1126 fecerit,
535 1067 609 1114 non
633 1049 720 1114 satis
745 1052 901 1133 apparet.
940 1046 1014 1116 Nec
1036 1049 1152 1130 magis
1173 1048 1362 1134 quomodo

155 1159 320 1244 singulos
345 1157 509 1243 dialogos
526 1162 783 1246 composuerit;
806 1161 838 1226 si
853 1179 977 1229 verum
993 1168 1048 1228 est
1064 1159 1160 1247 quod
1173 1160 1363 1246 Diogenes

154 1270 321 1339 Laertius
355 1270 474 1343 11135
507 1270 617 1340 tradit
651 1293 732 1340 eum
768 1270 966 1341 Sathonem
1006 1270 1192 1357 dialogum
1234 1281 1366 1344 contra

156 1383 347 1452 Platonem
371 1385 569 1471 scripsisse,
594 1383 718 1453 eodem
742 1382 966 1453 adversarios
989 1383 1175 1454 refellendi
1202 1387 1366 1461 consilio

155 1494 298 1581 dialogo
324 1518 411 1564 usus
437 1502 532 1564 esset
555 1503 663 1582 atque
685 1495 800 1564 Plato.

184 1675 186 1679 ,
258 1607 326 1675 Hic
350 1610 447 1676 enim
469 1615 612 1678 tantum
636 1609 768 1688 aberat,
792 1617 832 1677 ut
855 1610 989 1693 σύστημα
1013 1610 1195 1697 quoddam
1219 1611 1366 1686 doctri-

153 1740 281 1790 narum
312 1723 350 1788 in
378 1721 481 1790 libris
513 1724 588 1789 suis
619 1721 773 1809 proferre
802 1720 923 1803 vellet,
953 1732 994 1790 ut
1029 1745 1171 1791 omnem
1206 1729 1366 1798 omnino

157 1832 328 1902 edocendi
351 1833 559 1903 facultatem
582 1837 723 1920 scriptis
747 1834 943 1920 denegaret.
983 1836 1089 1905 Hunc
1112 1856 1190 1904 csse
1206 1859 1367 1909 sensum

152 1946 286 2015 nobilis
321 1946 422 2014 illius
451 1946 607 2015 Phaedri
636 1945 708 2018 loci
735 1948 843 2017 multi
871 1951 944 2017 iam
973 1946 1142 2017 viderunt
1176 1957 1211 2016 et
1242 1973 1368 2038 nuper

56 2121 59 2128 .
154 2080 296 2127 summa
325 2081 407 2127 cum
435 2057 636 2128 subtilitate
667 2060 927 2130 demonstravit
948 2059 1067 2146 J0e11)
1099 2064 1201 2130 cuius
1234 2069 1366 2139 tamen

154 2174 270 2258 ipsius
306 2176 485 2240 sententia
517 2172 560 2240 de
591 2172 755 2242 Platonis
791 2172 970 2243 scribendi
1004 2173 1154 2243 consilio
1189 2173 1306 2260 longe
1344 2199 1367 2246 a

152 2288 302 2352 veritato
331 2285 506 2355 abhorret.
560 2284 631 2354 Sed
663 2289 834 2372 quoniam
865 2290 953 2355 satis
986 2290 1060 2355 iam
1089 2293 1231 2356 constat
1261 2289 1364 2372 nihil

47 2443 51 2452 -
153 2397 223 2467 fere
254 2419 336 2466 eum
368 2401 554 2485 scripsisse
586 2404 733 2466 externa
770 2420 879 2467 causa
908 2421 983 2468 non
1011 2406 1174 2481 coactum
1205 2408 1273 2469 aut
1302 2406 1366 2471 in-

151 2513 317 2589 vitatum,
339 2533 413 2578 non
438 2532 528 2598 opus
553 2519 607 2579 est
622 2512 690 2580 hac
705 2514 744 2579 in
759 2534 795 2579 re
813 2510 948 2580 diutius
964 2514 1111 2591 morari;
1128 2514 1227 2599 ipsos
1247 2516 1367 2599 igitur

154 2621 316 2708 dialogos
342 2622 520 2710 quomodo
546 2627 787 2709 composuerit
808 2624 1005 2693 videamus

257 2736 304 2804 Et
337 2739 493 2822 primum
528 2737 672 2822 quidem
706 2735 898 2806 dicendum
933 2744 987 2805 est
1017 2735 1207 2806 Platonem
1245 2760 1366 2828 aeque

154 2855 260 2937 atque
301 2848 581 2935 Xenophontem
625 2853 663 2917 in
702 2852 870 2920 omnibus
910 2850 981 2917 fere
1025 2848 1178 2934 dialogis
1214 2847 1366 2923 Socrati

153 2963 288 3047 primas
323 2962 494 3037 tribuisse
528 2964 590 3047 qui
618 2982 708 3041 mos,
742 2970 922 3048 utsupra
951 2965 1023 3031 iam
1054 2961 1140 3042 dixi,
1172 2959 1364 3034 Socratico

64 3122 68 3127 -
154 3071 289 3158 dialogi
314 3082 392 3142 ortu
416 3081 450 3141 et
473 3073 736 3142 necessitudine
761 3073 917 3160 quadam
938 3078 1032 3143 inter
1044 3073 1227 3143 Socratem
1245 3073 1364 3146 disci-

151 3184 330 3273 pulosque
345 3190 421 3254 eius
434 3188 672 3257 intercedente
686 3185 895 3273 explicatur.
930 3186 1079 3268 Deinde,
1092 3194 1134 3256 ut
1144 3185 1365 3275 Xenophon

152 3303 189 3367 in
212 3299 379 3386 plurimis
415 3297 582 3383 dialogis,
621 3322 659 3368 se
693 3303 814 3387 ipsum
849 3286 1112 3386 colloquentem
1150 3321 1225 3368 non
1264 3301 1365 3383 fecit,

154 3411 296 3480 diversa
318 3419 439 3479 tamen
462 3415 599 3480 ratione
631 3421 839 3482 commotus.
886 3413 979 3480 Nam
1010 3420 1051 3481 ut
1080 3420 1218 3481 taceam
1249 3413 1364 3485 illum

152 3524 263 3593 semel
292 3524 500 3609 loquentem
528 3524 681 3611 prodire,
713 3528 903 3613 praecipue
935 3523 972 3593 id
1000 3527 1114 3609 egisse
1137 3523 1295 3610 videtur,
1320 3536 1367 3601 ut

154 3801 337 3862 Ciceronem.
362 3806 398 3858 ut
423 3801 599 3871 saepissime
623 3800 818 3860 Aristotelem
843 3800 988 3871 imitatur,
1007 3819 1068 3858 una
1087 3819 1157 3859 cum
1175 3810 1365 3869 argumento

153 3887 304 3945 scribendi
329 3905 449 3956 quoque
473 3888 600 3945 formam
624 3887 696 3945 inde
720 3887 895 3957 sumpsisse.
933 3887 978 3946 Cf.
998 3888 1088 3945 etiam
1107 3887 1221 3946 Diels
1239 3889 1363 3950 Archiv

151 3976 202 4031 fiir
221 3973 401 4032 Gesehichte
420 3974 473 4031 der
491 3973 694 4044 Philosophia,
712 3975 728 4032 I
746 3979 799 4032 483
818 3993 883 4044 sqq.

255 4061 275 4130 ¹)
295 4061 355 4117 Zur
371 4060 557 4118 Erkenntnis
576 4061 631 4118 dor
649 4061 735 4129 geist.
746 4061 908 4120 Entwickl.
923 4080 952 4119 u.
968 4061 996 4120 d.
1007 4061 1228 4119 schriftsteller.
1240 4061 1365 4124 Motive

152 4147 257 4215 Platos
284 4147 340 4204 mit
367 4147 548 4204 besondercr
575 4147 744 4205 Riicksioht
773 4149 827 4205 auf
852 4148 980 4206 Phaedr.
1009 4150 1080 4206 96A
1105 4148 1152 4206 bis
1178 4147 1265 4207 10οΒ
1295 4153 1363 4210 und

149 4234 276 4292 Phaedr.
295 4233 382 4292 274ss
400 4233 448 4292 his
466 4239 518 4291 278
528 4234 562 4290 Β.
598 4234 701 4304 Leipz.
738 4235 818 4293 Diss
840 4239 915 4292 1887.
