2798 4680
1255 302 1309 364 tr.-

105 528 202 576 mans
234 510 405 575 interesse
434 506 479 574 ad
509 506 616 575 decus
648 513 683 582 ct
711 506 757 574 ad
787 506 931 575 laudern
955 509 1112 574 civitatis
1144 528 1199 574 res
1224 512 1298 576 tam

103 641 225 704 graves
249 628 395 705 tamque
418 618 617 706 praeclaras
641 620 766 688 latinis
784 623 897 688 etiam
920 619 1049 688 litteris
1073 622 1247 687 contineri
1259 619 1303 702 1),
1344 691 1345 695 ,

104 736 231 820 quique
255 735 432 802 curiosius
457 755 517 802 eos
541 733 653 800 facere
686 733 779 801 dixit
811 735 872 818 qui
902 730 988 818 quid
1020 731 1062 799 de
1093 753 1307 818 quoquere
1374 810 1377 823 Ι

101 851 176 934 ipse
202 848 350 914 sentiret
371 849 598 932 requirerent.
615 845 641 928 s)
686 847 812 932 ltaque
840 849 878 913 11
901 843 1025 912 multis
1050 843 1203 930 dialogis
1228 847 1299 915 sihi

100 963 171 1047 ipsi
189 957 312 1026 nullas
330 961 505 1027 sermonis
521 966 640 1046 partes
657 961 793 1037 tribuit,
810 957 948 1026 nullam
965 958 1036 1025 iere
1053 962 1297 1044 quaestionem
1375 1046 1378 1056 Ι

100 1071 145 1141 ad
192 1079 325 1140 certum
372 1071 479 1139 finem
524 1070 697 1158 perducit,
744 1070 856 1139 alium
902 1086 1151 1155 coarguentem
1196 1072 1305 1140 facit:

99 1193 289 1254 contentus
325 1193 378 1253 est
417 1206 713 1254 commemorasse
749 1206 839 1271 quae
869 1183 911 1252 de
942 1205 1090 1270 quaque
1112 1208 1147 1252 re
1177 1185 1306 1272 philo·¹
1356 1232 1360 1237 -

98 1298 297 1385 sophorum
323 1301 395 1366 sint
418 1301 623 1366 sententiae.
671 1298 820 1366 Civibus
853 1301 929 1366 suis
965 1300 1187 1365 occasionem
1221 1297 1300 1366 vult

78 1395 267 1499 ¹praebere
314 1409 535 1478 diversarum
581 1410 787 1479 scholarum
833 1409 1013 1478 doctrinas
1061 1410 1299 1493 cognoscendi

97 1545 278 1610 suumque
321 1522 493 1591 iudicium
538 1513 750 1602 adhibendi;
794 1522 995 1609 quaerenda
1037 1545 1115 1590 esse
1148 1526 1300 1591 rationis

96 1643 294 1715 momenta,
321 1640 565 1704 auctoritatem
592 1637 744 1704 aliorum
768 1634 1020 1704 removendam
1045 1635 1140 1715 dicit,
1169 1637 1297 1705 etalio

94 1750 196 1820 loco:
224 1773 366 1819 ..verum
391 1753 485 1818 enim
509 1753 668 1818 invenire
684 1748 865 1828 volumus,
888 1771 961 1816 non
978 1755 1150 1834 tanquam
1172 1748 1299 1817 adver-

95 1867 235 1932 sarium
261 1862 417 1948 aliquem
441 1866 658 1931 convincere.
675 1862 712 1945 3).

207 1976 332 2061 ltaque
357 1997 574 2062 quemquam
598 1975 763 2044 Platonis
788 1974 992 2061 exemplum
1017 1978 1186 2045 imitatur.
1218 1998 1299 2045 curn
1339 2049 1340 2053 ,

95 2092 136 2157 in
165 2087 351 2157 nonnullis
383 2087 536 2172 dialogis
568 2093 645 2175 ipse
676 2111 749 2158 non
780 2087 939 2175 prodeat,
969 2109 1149 2173 nusquam
1179 2097 1299 2157 tamen

94 2201 219 2269 aliena
246 2223 401 2288 persona
432 2207 554 2280 utitur,
583 2208 623 2268 ut
652 2201 874 2270 adversarios
903 2199 1050 2268 refellat.
1096 2199 1201 2269 Plato
1231 2204 1334 2269 tin-2

94 2321 240 2402 pugnat
274 2316 485 2401 plerumque
531 2318 696 2382 acerrime
743 2313 986 2399 colloquentes
1033 2315 1099 2382 sub
1146 2336 1300 2400 persona

96 2427 270 2505 Socratis,
310 2435 349 2495 111
383 2428 477 2496 nihil
511 2429 581 2495 fere
615 2416 709 2496 ‘scire
746 2426 943 2500 rideantun
984 2431 1210 2511 quaestiones
1254 2428 1299 2495 ad

95 2551 235 2609 certum
259 2540 368 2609 finem
397 2565 470 2612 non
499 2543 724 2626 perveniunt,
754 2539 850 2626 quod
881 2538 1106 2606 definitiones
1138 2539 1307 2626 prolatae·

95 2676 118 2720 a
154 2651 298 2722 Socrate
332 2654 607 2739 redarguuntur:
642 2653 821 2720 Ciceronis
856 2654 949 2721 nihil
984 2656 1131 2721 interest.
1162 2652 1298 2739 aliquid

94 2788 224 2834 rerum
250 2773 405 2834 statuere
429 2776 490 2835 aut
519 2767 653 2834 falsum
683 2769 857 2843 euincere
888 2766 1054 2834 omnibus
1085 2770 1178 2834 reris
1207 2766 1299 2833 falsa

96 2881 341 2965 omnibusque
365 2881 467 2949 falsis
491 2902 573 2948 vera
591 2878 766 2966 quaedam
783 2878 951 2947 adiuncta
968 2881 1000 2945 11
1016 2877 1184 2946 ridentur
1199 2886 1300 2947 tanta

98 2992 351 3074 similitudine,
397 3001 437 3061 ut
476 2997 512 3061 in
556 2997 599 3060 iis
642 2991 745 3060 nulla
782 2995 869 3059 insit
907 2999 1001 3059 certa
1043 2991 1222 3059 iudicandi
1260 3000 1300 3058 'et

96 3105 325 3175 assentiendi
355 3104 488 3188 nota.⁴)
544 3106 754 3193 Complures
792 3103 1037 3190 colloquentes
1076 3103 1222 3181 inducit,
1261 3113 1299 3171 111

94 3218 226 3288 eadem
255 3242 309 3287 res
339 3220 464 3288 multis
498 3241 519 3286 a
549 3220 711 3307 partibus
746 3218 955 3293 illustretur„
991 3228 1023 3285 ct
1057 3216 1143 3302 quid
1175 3239 1299 3285 rerum

96 3337 161 3411 sit,
196 3332 281 3418 quid
315 3332 447 3401 falsum
483 3336 748 3419 comparatione
783 3329 1004 3398 diversarum
1043 3333 1299 3398 sententiarum

94 3452 253 3514 cruatur.

206 3558 281 3626 Hac
315 3563 351 3627 in
378 3582 415 3626 re
438 3557 669 3626 Aristotelem
702 3559 862 3642 sequitur
893 3579 1043 3642 eumque
1075 3578 1307 3641 suinmopere

92 3669 237 3745 laudat,
261 3671 358 3758 clirod
382 3671 424 3739 dc
450 3673 616 3740 omnibus
640 3671 746 3738 rebus
771 3673 808 3737 in
832 3679 1169 3757 utramquepartem
1187 3668 1309 3736 dicere

93 3787 229 3873 possit,
255 3783 297 3852 de
315 3785 411 3852 Orat.
425 3785 546 3853 Iliso:
575 3787 649 3861 „sin
668 3781 797 3868 aliquis
816 3785 991 3850 exstiterit
1015 3787 1076 3867 qni
1088 3781 1306 3851 Aristotelio

208 3992 228 4058 1)
246 3992 291 4049 De
310 3991 388 4048 (icor.
408 3999 468 4049 nat.
489 3991 499 4047 l
521 3998 545 4048 7.

208 4078 229 4140 ²)
247 4078 266 4135 l.
286 4079 306 4135 l.
328 4082 343 4150 ξ
364 4083 405 4137 10.

206 4165 228 4232 ³)
247 4165 291 4223 De
309 4166 359 4222 fin.
379 4165 394 4222 Ι
415 4172 453 4222 13.

208 4252 228 4320 ⁴)
247 4250 290 4308 lle
310 4253 389 4311 deor.
409 4246 468 4309 nat.
488 4253 500 4309 l
524 4260 563 4310 ln’.
