2798 4680
141 319 183 383 52

141 526 333 593 consilium
363 522 498 608 dialogi
526 521 673 591 indicat:
708 544 726 590 a
750 522 1051 610 philosophorum
1082 526 1217 608 impetu
1242 522 1338 589 chri-

141 641 296 706 stianam
320 635 518 705 doctrinam
551 635 736 703 defendere
760 635 850 713 vult,
882 639 1002 721 itaque
1031 639 1148 703 causis
1173 658 1190 703 e
1213 634 1338 722 philo-

141 751 267 838 sophia
307 753 428 837 petitis
462 757 611 836 pugnat,
652 748 809 833 neglegit
843 749 1118 817 christianorum
1154 750 1339 819 doctrinas

141 886 230 950 quae
255 864 299 931 ad
323 863 440 944 fidem,
464 886 537 931 non
561 863 606 930 ad
629 862 899 950 philosophiam
923 865 1109 948 pertinent.
1154 863 1230 929 Iam
1255 884 1337 929 cum

141 976 319 1045 Ciceronis
340 1040 343 1045 a
364 976 448 1044 libri
497 976 592 1044 unde
638 997 804 1059 magnam
855 983 990 1062 partem
1046 984 1337 1058 argumentorum

140 1092 295 1177 sumpsit
318 1093 355 1157 in
379 1089 521 1174 dialogo
546 1097 740 1169 versentur,
770 1090 862 1157 hane
893 1110 1033 1174 quoque
1062 1091 1337 1175 compositionis

139 1204 287 1271 formam
313 1203 394 1271 inde
417 1210 601 1272 mutuatus
628 1225 705 1271 esse
727 1202 876 1270 videtur.
1135 1179 1142 1191 ⁴

243 1298 427 1384 Minucius
456 1317 560 1385 Felix
593 1320 655 1402 qui
683 1320 820 1403 primus
852 1316 1098 1384 Romanorum
1129 1317 1164 1381 in
1198 1313 1336 1398 dialogi

139 1430 251 1499 forma
275 1430 507 1499 christianam
532 1430 730 1498 doctrinam
754 1428 965 1497 defendebat
990 1426 1190 1514 complures
1207 1435 1335 1513 postea

139 1546 335 1612 imitatores
381 1545 518 1612 habui-t.
589 1542 805 1630 Saepissime
856 1544 923 1611 hoc
976 1539 1154 1610 scribendi
1205 1561 1335 1623 genere
1374 1606 1385 1620 ,

137 1658 367 1740 Augustinus
391 1680 479 1725 usus
504 1665 575 1736 est;
600 1657 723 1726 eodem
747 1658 816 1727 fere
839 1664 996 1744 tempore
1014 1654 1237 1724 adversarius
1255 1656 1334 1720 eius

139 1770 335 1839 Cassianus
359 1773 488 1854 uiginti
512 1778 681 1857 quattuor
705 1770 868 1856 dialogos
898 1770 941 1839 de
972 1773 1047 1838 vita
1074 1769 1336 1837 monachorum

69 1965 73 1970 Ι
138 1887 290 1970 scripsit,
315 1884 455 1953 duobus
481 1885 633 1954 saeculis
656 1892 741 1971 post
758 1885 950 1969 Gregorius
976 1891 1143 1970 quattuor
1167 1882 1334 1967 dialogos

138 1997 180 2065 de
226 2000 301 2065 vita
346 2005 380 2065 et
414 1997 595 2066 miraculis
631 1997 837 2065 Italicorum
879 2003 1083 2065 sanctorum
1119 1999 1333 2083 composuit.

136 2110 235 2180 Idem
264 2111 343 2178 fere
365 2119 615 2195 argumentum
645 2112 794 2197 praebet
822 2109 988 2194 dialogus
1018 2109 1169 2195 Sulpicii
1199 2108 1334 2187 Severi,

136 2225 334 2308 Augustini
364 2225 524 2311 aequalis
556 2227 617 2311 qui
647 2223 754 2310 plane
783 2224 962 2292 Ciceronis
993 2245 1128 2291 morem
1160 2223 1333 2289 imitatur.

137 2336 298 2423 Scriptus
318 2342 372 2404 est
390 2335 621 2420 diegematico
640 2358 777 2420 genere,
800 2341 838 2405 in
858 2336 948 2405 duos
971 2336 1084 2405 libros
1107 2334 1335 2421 biduumque

136 2448 360 2518 distributus.
407 2451 594 2520 Prooemio
619 2458 705 2519 sunt
728 2457 798 2519 tres
824 2451 1006 2538 epistolae,
1031 2449 1165 2535 dialogi
1186 2451 1334 2518 initium

136 2562 177 2631 fit
200 2585 221 2630 a
244 2585 392 2631 scaenae
417 2564 673 2652 descriptione3
697 2565 943 2652 colloquentes
967 2570 1140 2651 perpetua
1171 2565 1334 2631 oratione

136 2683 297 2756 utuntur,
326 2685 360 2745 et
383 2685 423 2745 ut
448 2677 568 2747 Cicero
598 2684 639 2754 in
670 2679 813 2764 dialogo
850 2678 911 2759 „de
936 2677 1101 2746 Oratore“
1128 2677 1333 2745 Antonium

136 2798 170 2860 et
194 2792 362 2860 Crassum
388 2791 555 2879 deinceps
577 2793 766 2880 loquentes
798 2792 946 2868 inducit,
978 2798 1016 2858 ut
1050 2790 1139 2857 alter
1167 2787 1203 2856 id
1234 2789 1332 2874 quod

134 2908 178 2975 ab
215 2906 324 2975 altero
359 2908 523 2977 relictum
559 2911 606 2973 sit
640 2911 805 2993 exponat,
838 2904 1021 2990 Sulpicius
1051 2925 1192 2989 quoque
1221 2902 1331 2972 Gallo

135 3041 333 3088 sermonem
357 3019 476 3098 tradit,
501 3027 540 3087 ut
563 3026 677 3085 cetera
700 3016 846 3087 Martini
869 3017 965 3086 facta
989 3024 1133 3086 enarret.
1180 3016 1332 3085 initium

135 3153 277 3217 quoque
301 3130 448 3201 secundi
471 3131 554 3200 libri
583 3131 692 3198 huius
717 3129 852 3216 dialogi
883 3132 1108 3200 simillimum
1139 3137 1193 3198 est
1223 3133 1330 3199 initio

108 3244 283 3313 secundi
304 3245 390 3313 libri
414 3246 634 3313 Ciceroniani
661 3242 760 3314 illius
793 3250 932 3333 scripti:
965 3249 1003 3313 in
1034 3252 1183 3330 utroque
1214 3242 1330 3312 collo-

135 3360 328 3446 quentibus
353 3358 415 3425 alii
439 3361 682 3428 interveniunt
705 3361 798 3430 fama
823 3363 997 3429 sermonis
1022 3360 1189 3426 arcessiti.

237 3471 391 3539 Restant
415 3471 484 3540 duo
510 3471 734 3558 dialogorum
767 3483 940 3554 auctores,
964 3473 1002 3540 P.
1028 3475 1172 3541 Annius
1197 3469 1331 3540 Florus

134 3592 169 3652 et
192 3584 397 3654 Macrobius
422 3584 646 3655 Theodosius
671 3591 730 3672 qui
757 3591 983 3673 quaestiones
1016 3585 1060 3653 ad
1091 3584 1330 3653 eruditionem

131 3701 348 3785 pertinentes
394 3702 432 3766 in
477 3698 579 3768 libris
626 3703 701 3767 suis
740 3703 949 3770 tractabant.
1007 3701 1109 3770 Prior
1143 3698 1331 3782 dialogum

49 3828 54 3841 '
135 3810 334 3895 „Vergilius
381 3820 498 3882 orator
543 3834 589 3881 an
627 3822 750 3900 poeta“
789 3819 851 3901 qui
885 3815 1091 3883 inscribitur
1126 3816 1332 3899 composuit

38 4056 41 4060 *
131 4019 176 4078 ed.
198 4019 407 4091 Schwartz,
432 4019 563 4096 μάρτυρας
582 4025 608 4076 δὲ
628 4020 657 4076 οὐ
676 4021 736 4082 τοὺς
756 4023 821 4075 οἴκοι
840 4024 1037 4098 παραλήψομαι,
1058 4021 1163 4095 βοηθοῖς
1182 4021 1209 4072 δὲ
1228 4021 1329 4091 μᾶλλον

127 4103 236 4179 Ἕλλησι
259 4105 469 4182 καταχρήοομαι.
505 4111 536 4166 τὸ
561 4116 605 4185 μὲν
630 4111 677 4186 γὰρ
704 4109 830 4186 ἄγνωμον,
851 4109 888 4167 ὅτι
908 4115 974 4185 μηδὲ
999 4108 1044 4186 tp'
1066 4108 1136 4183 ἡμῶν
1156 4105 1329 4179 :repetenda

131 4193 161 4249 τὸ
179 4191 203 4248 δ’
226 4190 257 4248 ἂν
278 4191 479 4270 ἀποδεικυυηται
499 4199 646 4272 θαυμαστόν
666 4197 762 4255 ὁπόταν
782 4200 840 4272 ὑμῖν
860 4199 901 4254 διὰ
919 4207 968 4255 τῶν
992 4197 1121 4272 ὑμετέρων
1148 4191 1233 4248 ὅπλων
1254 4189 1329 4248 ἀυτε-

133 4282 221 4356 psum
241 4278 403 4344 ἀνυπόπτους
421 4283 485 4361 παρ’
508 4284 579 4360 ὑμῶν
598 4287 656 4349 τοὺς
675 4291 796 4366 ἐλέγχους
814 4285 948 4360 λαμβάνω.

621 4402 730 4421 Α..
