2798 4680
8 302 137 393 ‘ao

9 547 11 559 ·
96 532 289 620 disputare,
308 539 428 600 tamen
440 530 545 599 Plato
564 531 630 598 hac
649 552 790 616 quoque
803 534 840 598 in
853 553 888 598 re
903 530 1072 599 dramatis
1087 530 1265 615 exemplun

96 667 234 733 semper
257 648 419 713 imitatus
444 653 505 712 est.
546 644 667 712 Cicero
692 646 735 713 ab
760 645 829 712 hoo
852 667 948 713 more
972 647 1118 711 recessit
1146 649 1181 710 et
1210 665 1264 729 per

96 782 204 828 sonas
229 780 314 826 suas
338 758 584 844 compluribus
609 757 735 827 diebus
760 745 984 843 disputantes
1014 756 1104 825 lecit.
1153 755 1223 823 Sed
1243 779 1262 822 n

87 867 259 956 'singulae
291 870 424 954 dialogi
464 880 583 958 partes
614 893 752 939 conexu
780 879 946 949 carerent,
974 875 1159 956 prooemia
1188 891 1263 957 prae

94 989 204 1066 misit,
228 989 265 1054 in
290 986 421 1072 quibus
445 1006 576 1053 novam
601 1005 766 1053 scaenam
790 987 956 1070 exposuit
974 992 1008 1052 et
1024 982 1265 1051 antecedenten

95 1104 269 1168 sermonis
293 1098 504 1186 particulam
527 1104 564 1167 in
588 1101 795 1183 memoriam
818 1100 1006 1166 revocarit.
1042 1097 1149 1167 Hune
1174 1106 1265 1165 auten

94 1215 229 1281 morem
253 1235 326 1280 non
350 1216 426 1298 ipse
450 1215 597 1290 invenit,
629 1212 691 1281 sed
716 1215 759 1281 ah
784 1211 977 1280 Aristotele
1007 1220 1196 1280 mutuatus
1226 1219 1265 1278 est

95 1335 138 1394 ut·
158 1329 235 1412 ipse
257 1332 409 1393 testatur
433 1347 484 1412 ep.
510 1325 556 1393 ad
568 1327 642 1394 Att.
656 1325 707 1395 IV
722 1333 771 1404 16,
796 1331 831 1391 2:
860 1329 1050 1412 „quoniam
1074 1329 1112 1393 in
1137 1324 1265 1409 singuli

94 1440 198 1508 libris
221 1447 303 1507 utor
325 1443 527 1526 prooemiis
552 1447 592 1507 ut
603 1439 814 1508 Aristoteles
839 1444 876 1508 in
900 1442 944 1507 iis
969 1460 1059 1524 quos
1073 1437 1259 1522 ἐξωτερικοὺς1

94 1560 227 1620 vocat-⁸⁶

199 1665 322 1752 Neque
353 1666 520 1735 abhorret
550 1667 646 1754 quod
676 1669 835 1738 Basilius
866 1667 975 1737 tradit
998 1668 1226 1737 Aristotelem
1249 1686 1265 1729 e

94 1776 382 1865 Theophrastum
405 1784 443 1848 in
467 1780 619 1866 dialogis
643 1788 765 1852 statim
789 1804 843 1849 res
867 1786 965 1868 ipsas
991 1803 1179 1866 aggressos
1203 1797 1265 1846 cssr

55 1919 57 1924 ¹
95 1892 192 1978 quod
220 1900 394 1978 quantum
424 1915 444 1960 a
472 1894 635 1963 Platonis
666 1903 856 1964 venustate
887 1897 1064 1971 abessent,
1098 1895 1190 1962 bene
1221 1890 1265 1959 sil

94 2009 228 2074 conscii
250 2005 413 2073 luissent.
462 2006 512 2074 of.
538 2011 638 2094 epist.
666 2016 743 2078 135:
774 2006 817 2073 ὅτι
840 2006 889 2071 καὶ
913 2014 965 2071 τῶν
989 2007 1098 2079 ἔξωθεν
1123 2005 1265 2090 prinecps

94 2117 121 2183 οἱ
144 2118 209 2189 τούς
233 2115 387 2201 διαλόγους
411 2120 624 2206 συγγράψαντες
645 2120 842 2206 Ἀριστοτέλης
865 2146 896 2182 τε
920 2118 969 2183 καὶ
993 2118 1179 2203 Θεόφραστος
1204 2116 1265 2180 sith

95 2229 189 2294 αὐτῶν
212 2227 323 2317 ἥψαντο
344 2237 398 2295 τῶν
414 2233 592 2317 πραγμάτων
612 2235 660 2297 διὰ
680 2235 712 2298 τὸ
736 2235 895 2297 συνειδέναι
916 2233 1012 2304 αὐτοῖς
1031 2239 1085 2295 τῶν
1099 2233 1265 2295 illatorem

93 2342 222 2431 χαρίτων
245 2345 297 2428 τὴν
320 2344 441 2408 ἐνδείαν.
486 2347 534 2417 Hi
556 2349 626 2416 loci
649 2351 754 2418 nobis
786 2347 947 2416 indicant
970 2345 1176 2413 Aristotelis
1207 2359 1265 2430 pri

96 2461 210 2525 oemia
232 2481 306 2526 non
329 2459 516 2528 Platonico
541 2484 638 2530 more
663 2462 719 2538 (cf.
744 2462 853 2529 Lach.
880 2461 983 2546 Lysi
1008 2462 1186 2526 artissimo
1211 2472 1265 2523 cui

80 2574 173 2665 ipso
205 2593 367 2640 sermone
401 2577 592 2643 coniuncta
625 2575 746 2654 fuisse,
782 2574 844 2642 sed
878 2575 1114 2641 necessariam
1150 2577 1265 2637 tantu

95 2687 355 2770 expositionem
379 2708 527 2754 scaenae
551 2686 700 2755 dedisse.
711 2687 737 2767 ἱ’)
773 2687 851 2755 Hoc
874 2690 1021 2754 unicum
1045 2706 1166 2751 eorum
1184 2697 1264 2762 argi

93 2804 255 2864 mentum
268 2798 378 2867 fuisse
392 2799 541 2868 Procius
556 2823 696 2888 quoque
716 2808 868 2869 testatur
882 2803 943 2886 qui
955 2798 1244 2884 Theophrastum

93 2907 319 2979 Heraclidem
331 2909 520 2982 Ponticum
545 2918 732 3001 vituperat,
758 2912 854 3000 quod
877 2914 1068 3000 prooemiis
1093 2910 1210 2977 aliena
1235 2909 1264 2973 ii

72 3015 291 3102 sciuerunt,
315 3028 407 3094 siout
430 3035 555 3113 postea
579 3027 711 3106 onero,
735 3027 775 3094 ef.
800 3026 968 3095 Proclnm
991 3028 1028 3093 in
1052 3023 1168 3090 Parin.
1193 3030 1216 3087 t.
1243 3012 1265 3083 Ι

93 3156 128 3222 p.
152 3140 195 3203 54
223 3137 328 3228 Cous.
358 3140 389 3202 τὸ
419 3139 452 3203 δὲ
481 3146 629 3212 παντελῶς
657 3140 797 3226 ἀλλότρια
825 3143 861 3202 τὰ
892 3136 1028 3223 προοίμια
1059 3142 1113 3198 τῶν
1142 3137 1265 3218 arogis-rt

94 3249 176 3323 εἶναι,
200 3250 337 3337 καθάπερ
359 3254 395 3316 τοὶ
419 3259 472 3316 τῶν
490 3252 688 3339 Ἡρακλείδου
712 3259 763 3317 τοῦ
781 3255 920 3316 Ποντικοῦ
943 3249 992 3313 καὶ
1016 3249 1205 3334 Ηεορραῖστου
1229 3253 1264 3309 ὃν

94 3362 197 3446 λόγων,
221 3370 317 3427 πᾶσαν
342 3364 409 3451 dira*
432 3365 553 3451 κρίσεως
577 3367 757 3454 μετέχουσαν
781 3365 915 3448 droit-⁴³)
950 3363 1146 3450 Velprimo
1162 3366 1265 3433 Obiui

94 3491 242 3564 apparet
260 3483 384 3564 quanti
404 3485 577 3549 momenti
595 3482 799 3550 Aristotelis
818 3483 1003 3547 inventum
1022 3476 1136 3544 fuerit.
1176 3477 1265 3543 inte:

95 3592 194 3657 iectis
218 3596 409 3677 prooemiis
434 3593 600 3677 dialogus
626 3598 661 3662 in
686 3592 886 3680 cornplnres
918 3598 1037 3677 partes
1069 3588 1265 3657 dissolvitor

94 3701 264 3772 dramatis
289 3709 440 3776 inritatio
458 3707 679 3793 relinquitur,
703 3730 836 3774 novum
861 3705 1087 3788 dialogorum
1102 3725 1216 3784 genus
1233 3706 1265 3768 ir

200 3915 221 3980 1λ
250 3914 425 3972 Ciceronem
453 3916 489 3972 de
518 3916 644 3983 dialogis
672 3916 818 3984 cogitasse
846 3919 978 3982 turparet.
1025 3912 1069 3969 Cf.
1102 3910 1207 3966 llinis
1233 3911 1250 3966 l.

93 4019 122 4068 p.
142 4006 192 4057 493
211 4019 254 4071 sq.

198 4089 218 4157 ¹²)
237 4090 422 4160 Bernays,
443 4091 478 4149 D.
499 4091 575 4149 Dial.
595 4092 623 4148 d.
644 4092 767 4150 Aristot.
787 4111 815 4159 p.
837 4095 894 4146 137.

198 4179 218 4246 ³)
237 4177 335 4247 Birt,
355 4178 390 4235 D.
411 4179 513 4237 antihe
535 4180 656 4238 Buchu.
674 4200 702 4250 p.
723 4180 802 4236 476⁴.
