<?xml version="1.0" encoding="UTF-8"?>
<!DOCTYPE html PUBLIC "-//W3C//DTD XHTML 1.0 Transitional//EN"
    "http://www.w3.org/TR/xhtml1/DTD/xhtml1-transitional.dtd">
<html xmlns="http://www.w3.org/1999/xhtml" xml:lang="en" lang="en">
 <head>
  <title>
</title>
<meta http-equiv="Content-Type" content="text/html;charset=utf-8" />
  <meta name='ocr-system' content='tesseract 3.04.00' />
  <meta name='ocr-capabilities' content='ocr_page ocr_carea ocr_par ocr_line ocrx_word'/>
</head>
<body>
  <div class='ocr_page' id='page_1' title='image "./arsdialogorumco00schlgoog_0023.png"; bbox 0 0 2798 4680; ppageno 0'>
   <div class='ocr_carea' id='block_1_1' title="bbox 130 286 218 346">
    <p class='ocr_par' dir='ltr' id='par_1_1' title="bbox 130 286 218 346">
     <span class='ocr_line' id='line_1_1' title="bbox 130 286 218 346; baseline -0.023 0"><span class='ocrx_word' id='word_1_1' title='bbox 130 286 186 346; x_wconf 77' lang='lat'>10</span> <span class='ocrx_word' id='word_1_2' title='bbox 216 310 218 314; x_wconf 61' lang='grc'>’</span> 
     </span>
    </p>
   </div>
   <div class='ocr_carea' id='block_1_2' title="bbox 132 485 1345 1015">
    <p class='ocr_par' dir='ltr' id='par_1_2' title="bbox 132 485 1345 1015">
     <span class='ocr_line' id='line_1_2' title="bbox 138 485 1342 573; baseline 0 -18"><span class='ocrx_word' id='word_1_3' title='bbox 138 490 180 568; x_wconf 74' lang='lat' dir='ltr'>(c</span> <span class='ocrx_word' id='word_1_4' title='bbox 203 487 265 567; x_wconf 92' lang='lat' dir='ltr'>III,</span> <span class='ocrx_word' id='word_1_5' title='bbox 288 485 355 568; x_wconf 84' lang='lat' dir='ltr'>IV)</span> <span class='ocrx_word' id='word_1_6' title='bbox 376 487 570 567; x_wconf 83' lang='lat' dir='ltr'>artificiose</span> <span class='ocrx_word' id='word_1_7' title='bbox 594 489 632 555; x_wconf 91' lang='lat' dir='ltr'>in</span> <span class='ocrx_word' id='word_1_8' title='bbox 663 486 800 572; x_wconf 83' lang='lat' dir='ltr'>dialogi</span> <span class='ocrx_word' id='word_1_9' title='bbox 832 489 1093 573; x_wconf 73' lang='lat' dir='ltr'>compositione</span> <span class='ocrx_word' id='word_1_10' title='bbox 1125 486 1342 566; x_wconf 82' lang='lat' dir='ltr'>adhibitam3</span> 
     </span>
     <span class='ocr_line' id='line_1_3' title="bbox 144 599 1344 686; baseline -0.003 -15"><span class='ocrx_word' id='word_1_11' title='bbox 144 601 238 671; x_wconf 89' lang='lat' dir='ltr'>hanc</span> <span class='ocrx_word' id='word_1_12' title='bbox 272 600 422 669; x_wconf 85' lang='lat' dir='ltr'>formam</span> <span class='ocrx_word' id='word_1_13' title='bbox 457 599 585 673; x_wconf 89' lang='lat' dir='ltr'>deinde</span> <span class='ocrx_word' id='word_1_14' title='bbox 619 600 832 669; x_wconf 90' lang='lat' dir='ltr'>Aristoteles</span> <span class='ocrx_word' id='word_1_15' title='bbox 867 601 999 686; x_wconf 90' lang='lat' dir='ltr'>recepit</span> <span class='ocrx_word' id='word_1_16' title='bbox 1036 606 1071 666; x_wconf 90' lang='lat' dir='ltr'>et</span> <span class='ocrx_word' id='word_1_17' title='bbox 1109 602 1160 667; x_wconf 87' lang='lat' dir='ltr'>ita</span> <span class='ocrx_word' id='word_1_18' title='bbox 1200 605 1344 668; x_wconf 87' lang='lat' dir='ltr'>tentum</span> 
     </span>
     <span class='ocr_line' id='line_1_4' title="bbox 132 712 1345 800; baseline 0.001 -22"><span class='ocrx_word' id='word_1_19' title='bbox 132 716 309 792; x_wconf 84' lang='lat' dir='ltr'>mutavit,</span> <span class='ocrx_word' id='word_1_20' title='bbox 332 721 373 780; x_wconf 92' lang='lat' dir='ltr'>ut</span> <span class='ocrx_word' id='word_1_21' title='bbox 393 734 566 799; x_wconf 82' lang='lat' dir='ltr'>personas</span> <span class='ocrx_word' id='word_1_22' title='bbox 590 734 675 782; x_wconf 91' lang='lat' dir='ltr'>suas</span> <span class='ocrx_word' id='word_1_23' title='bbox 700 713 742 782; x_wconf 93' lang='lat' dir='ltr'>de</span> <span class='ocrx_word' id='word_1_24' title='bbox 758 715 944 800; x_wconf 90' lang='lat' dir='ltr'>proposito</span> <span class='ocrx_word' id='word_1_25' title='bbox 962 712 1083 799; x_wconf 92' lang='lat' dir='ltr'>aliquo</span> <span class='ocrx_word' id='word_1_26' title='bbox 1100 715 1138 779; x_wconf 92' lang='lat' dir='ltr'>in</span> <span class='ocrx_word' id='word_1_27' title='bbox 1155 718 1345 798; x_wconf 88' lang='lat' dir='ltr'>utramque</span> 
     </span>
     <span class='ocr_line' id='line_1_5' title="bbox 145 823 1344 913; baseline -0.002 -20"><span class='ocrx_word' id='word_1_28' title='bbox 145 834 282 913; x_wconf 87' lang='lat' dir='ltr'>partem</span> <span class='ocrx_word' id='word_1_29' title='bbox 305 823 530 913; x_wconf 88' lang='lat' dir='ltr'>disputantes</span> <span class='ocrx_word' id='word_1_30' title='bbox 554 827 697 904; x_wconf 88' lang='lat' dir='ltr'>faceret;</span> <span class='ocrx_word' id='word_1_31' title='bbox 721 847 803 895; x_wconf 92' lang='lat' dir='ltr'>eum</span> <span class='ocrx_word' id='word_1_32' title='bbox 815 829 945 895; x_wconf 90' lang='lat' dir='ltr'>imitati</span> <span class='ocrx_word' id='word_1_33' title='bbox 958 832 1044 894; x_wconf 87' lang='lat' dir='ltr'>sunt</span> <span class='ocrx_word' id='word_1_34' title='bbox 1060 824 1181 894; x_wconf 81' lang='lat' dir='ltr'>Cicero</span> <span class='ocrx_word' id='word_1_35' title='bbox 1206 823 1267 907; x_wconf 85' lang='lat' dir='ltr'>(de</span> <span class='ocrx_word' id='word_1_36' title='bbox 1283 823 1344 892; x_wconf 87' lang='lat' dir='ltr'>fin.</span> 
     </span>
     <span class='ocr_line' id='line_1_6' title="bbox 144 928 1345 1015; baseline 0 -9"><span class='ocrx_word' id='word_1_37' title='bbox 144 938 190 1006; x_wconf 93' lang='lat' dir='ltr'>de</span> <span class='ocrx_word' id='word_1_38' title='bbox 220 937 368 1008; x_wconf 87' lang='lat' dir='ltr'>divinat.</span> <span class='ocrx_word' id='word_1_39' title='bbox 394 938 437 1006; x_wconf 90' lang='lat' dir='ltr'>de</span> <span class='ocrx_word' id='word_1_40' title='bbox 468 937 561 1008; x_wconf 87' lang='lat' dir='ltr'>deor.</span> <span class='ocrx_word' id='word_1_41' title='bbox 590 939 682 1015; x_wconf 87' lang='lat' dir='ltr'>nat.)</span> <span class='ocrx_word' id='word_1_42' title='bbox 728 928 873 1008; x_wconf 80' lang='lat' dir='ltr'>Tacitus</span> <span class='ocrx_word' id='word_1_43' title='bbox 901 937 1083 1007; x_wconf 90' lang='lat' dir='ltr'>Miuucius</span> <span class='ocrx_word' id='word_1_44' title='bbox 1117 935 1223 1006; x_wconf 83' lang='lat' dir='ltr'>Felix</span> <span class='ocrx_word' id='word_1_45' title='bbox 1254 936 1345 1006; x_wconf 89' lang='lat' dir='ltr'>Plu-</span> 
     </span>
    </p>
   </div>
   <div class='ocr_carea' id='block_1_3' title="bbox 17 1049 1346 1258">
    <p class='ocr_par' dir='ltr' id='par_1_3' title="bbox 17 1049 1346 1258">
     <span class='ocr_line' id='line_1_7' title="bbox 17 1049 1345 1138; baseline 0.001 -19"><span class='ocrx_word' id='word_1_46' title='bbox 17 1053 18 1056; x_wconf 72' lang='grc'>’</span> <span class='ocrx_word' id='word_1_47' title='bbox 146 1051 291 1119; x_wconf 89' lang='lat' dir='ltr'>tarchus</span> <span class='ocrx_word' id='word_1_48' title='bbox 323 1049 403 1130; x_wconf 90' lang='lat' dir='ltr'>alii;</span> <span class='ocrx_word' id='word_1_49' title='bbox 432 1049 557 1138; x_wconf 90' lang='lat' dir='ltr'>paullo</span> <span class='ocrx_word' id='word_1_50' title='bbox 589 1051 683 1119; x_wconf 89' lang='lat' dir='ltr'>hano</span> <span class='ocrx_word' id='word_1_51' title='bbox 713 1051 864 1119; x_wconf 86' lang='lat' dir='ltr'>formam</span> <span class='ocrx_word' id='word_1_52' title='bbox 895 1059 1126 1120; x_wconf 87' lang='lat' dir='ltr'>mutaverunt</span> <span class='ocrx_word' id='word_1_53' title='bbox 1154 1049 1277 1120; x_wconf 84' lang='lat' dir='ltr'>Cicero</span> <span class='ocrx_word' id='word_1_54' title='bbox 1307 1053 1345 1120; x_wconf 90' lang='lat' dir='ltr'>in</span> 
     </span>
     <span class='ocr_line' id='line_1_8' title="bbox 27 1162 1346 1258; baseline 0.001 -27"><span class='ocrx_word' id='word_1_55' title='bbox 27 1243 28 1247; x_wconf 7' lang='grc' dir='ltr'><strong>Ἰ</strong></span> <span class='ocrx_word' id='word_1_56' title='bbox 140 1163 290 1247; x_wconf 79' lang='lat' dir='ltr'>dialogo</span> <span class='ocrx_word' id='word_1_57' title='bbox 324 1162 387 1240; x_wconf 89' lang='lat' dir='ltr'>„de</span> <span class='ocrx_word' id='word_1_58' title='bbox 411 1163 577 1258; x_wconf 71' lang='lat' dir='ltr'>Oratore‘⁴</span> <span class='ocrx_word' id='word_1_59' title='bbox 608 1171 645 1231; x_wconf 92' lang='lat' dir='ltr'>et</span> <span class='ocrx_word' id='word_1_60' title='bbox 667 1162 850 1250; x_wconf 80' lang='lat' dir='ltr'>Sulpicius</span> <span class='ocrx_word' id='word_1_61' title='bbox 874 1163 1044 1243; x_wconf 65' lang='lat' dir='ltr'>Severum</span> <span class='ocrx_word' id='word_1_62' title='bbox 1078 1162 1160 1232; x_wconf 83' lang='lat' dir='ltr'>iude</span> <span class='ocrx_word' id='word_1_63' title='bbox 1190 1162 1346 1250; x_wconf 90' lang='lat' dir='ltr'>denique</span> 
     </span>
    </p>
   </div>
   <div class='ocr_carea' id='block_1_4' title="bbox 135 1276 1393 2607">
    <p class='ocr_par' dir='ltr' id='par_1_4' title="bbox 135 1276 1350 1588">
     <span class='ocr_line' id='line_1_9' title="bbox 144 1276 1346 1363; baseline 0.001 -19"><span class='ocrx_word' id='word_1_64' title='bbox 144 1298 189 1344; x_wconf 88' lang='lat' dir='ltr'>ea</span> <span class='ocrx_word' id='word_1_65' title='bbox 223 1297 365 1362; x_wconf 89' lang='lat' dir='ltr'>quoque</span> <span class='ocrx_word' id='word_1_66' title='bbox 399 1276 512 1344; x_wconf 82' lang='lat' dir='ltr'>forma</span> <span class='ocrx_word' id='word_1_67' title='bbox 546 1276 681 1361; x_wconf 84' lang='lat' dir='ltr'>dialogi</span> <span class='ocrx_word' id='word_1_68' title='bbox 705 1298 812 1363; x_wconf 90' lang='lat' dir='ltr'>quam</span> <span class='ocrx_word' id='word_1_69' title='bbox 848 1276 1027 1346; x_wconf 79' lang='lat' dir='ltr'>Ciceronis</span> <span class='ocrx_word' id='word_1_70' title='bbox 1061 1277 1221 1356; x_wconf 75' lang='lat' dir='ltr'>Laelius</span> <span class='ocrx_word' id='word_1_71' title='bbox 1257 1276 1346 1346; x_wconf 83' lang='lat' dir='ltr'>Cato</span> 
     </span>
     <span class='ocr_line' id='line_1_10' title="bbox 147 1388 1350 1477; baseline 0.001 -20"><span class='ocrx_word' id='word_1_72' title='bbox 147 1392 270 1468; x_wconf 88' lang='lat' dir='ltr'>maior,</span> <span class='ocrx_word' id='word_1_73' title='bbox 294 1388 518 1458; x_wconf 78' lang='lat' dir='ltr'>Tusculanae</span> <span class='ocrx_word' id='word_1_74' title='bbox 549 1390 811 1477; x_wconf 74' lang='lat' dir='ltr'>disputationes</span> <span class='ocrx_word' id='word_1_75' title='bbox 841 1391 1014 1477; x_wconf 89' lang='lat' dir='ltr'>praebent</span> <span class='ocrx_word' id='word_1_76' title='bbox 1042 1388 1145 1458; x_wconf 87' lang='lat' dir='ltr'>facile</span> <span class='ocrx_word' id='word_1_77' title='bbox 1177 1397 1211 1457; x_wconf 90' lang='lat' dir='ltr'>et</span> <span class='ocrx_word' id='word_1_78' title='bbox 1240 1389 1350 1458; x_wconf 88' lang='lat' dir='ltr'>fluxit</span> 
     </span>
     <span class='ocr_line' id='line_1_11' title="bbox 135 1502 411 1588; baseline -0.004 -17"><span class='ocrx_word' id='word_1_79' title='bbox 135 1512 184 1571; x_wconf 79' lang='lat' dir='ltr'>et</span> <span class='ocrx_word' id='word_1_80' title='bbox 206 1502 411 1588; x_wconf 85' lang='lat' dir='ltr'>explicatur.</span> 
     </span>
    </p>

    <p class='ocr_par' dir='ltr' id='par_1_5' title="bbox 136 1615 1351 2039">
     <span class='ocr_line' id='line_1_12' title="bbox 237 1615 1348 1703; baseline 0.002 -24"><span class='ocrx_word' id='word_1_81' title='bbox 237 1673 238 1677; x_wconf 72' lang='grc'>,</span> <span class='ocrx_word' id='word_1_82' title='bbox 253 1615 376 1697; x_wconf 89' lang='lat' dir='ltr'>Plane</span> <span class='ocrx_word' id='word_1_83' title='bbox 389 1619 608 1701; x_wconf 85' lang='lat' dir='ltr'>singularem</span> <span class='ocrx_word' id='word_1_84' title='bbox 621 1639 755 1685; x_wconf 90' lang='lat' dir='ltr'>morem</span> <span class='ocrx_word' id='word_1_85' title='bbox 767 1615 935 1685; x_wconf 80' lang='lat' dir='ltr'>HIeronis</span> <span class='ocrx_word' id='word_1_86' title='bbox 956 1618 1168 1703; x_wconf 86' lang='lat' dir='ltr'>compositio</span> <span class='ocrx_word' id='word_1_87' title='bbox 1185 1617 1348 1702; x_wconf 88' lang='lat' dir='ltr'>praebet:</span> 
     </span>
     <span class='ocr_line' id='line_1_13' title="bbox 141 1726 1350 1816; baseline -0.001 -19"><span class='ocrx_word' id='word_1_88' title='bbox 141 1729 402 1815; x_wconf 87' lang='lat' dir='ltr'>disputaturin</span> <span class='ocrx_word' id='word_1_89' title='bbox 416 1737 763 1816; x_wconf 89' lang='lat' dir='ltr'>utramquepartem,</span> <span class='ocrx_word' id='word_1_90' title='bbox 784 1728 947 1798; x_wconf 81' lang='lat' dir='ltr'>Socrates</span> <span class='ocrx_word' id='word_1_91' title='bbox 968 1751 1041 1798; x_wconf 93' lang='lat' dir='ltr'>non</span> <span class='ocrx_word' id='word_1_92' title='bbox 1057 1726 1186 1816; x_wconf 91' lang='lat' dir='ltr'>prodit.</span> <span class='ocrx_word' id='word_1_93' title='bbox 1211 1727 1350 1796; x_wconf 85' lang='lat' dir='ltr'>Tamen</span> 
     </span>
     <span class='ocr_line' id='line_1_14' title="bbox 141 1839 1351 1929; baseline 0 -21"><span class='ocrx_word' id='word_1_94' title='bbox 141 1850 360 1925; x_wconf 85' lang='lat' dir='ltr'>argumenta</span> <span class='ocrx_word' id='word_1_95' title='bbox 371 1841 458 1910; x_wconf 89' lang='lat' dir='ltr'>adeo</span> <span class='ocrx_word' id='word_1_96' title='bbox 471 1841 726 1929; x_wconf 89' lang='lat' dir='ltr'>Xenophontis</span> <span class='ocrx_word' id='word_1_97' title='bbox 740 1845 925 1927; x_wconf 88' lang='lat' dir='ltr'>ingenium</span> <span class='ocrx_word' id='word_1_98' title='bbox 937 1840 1108 1920; x_wconf 91' lang='lat' dir='ltr'>redolent,</span> <span class='ocrx_word' id='word_1_99' title='bbox 1128 1849 1168 1909; x_wconf 92' lang='lat' dir='ltr'>ut</span> <span class='ocrx_word' id='word_1_100' title='bbox 1179 1839 1351 1910; x_wconf 92' lang='lat' dir='ltr'>libellum</span> 
     </span>
     <span class='ocr_line' id='line_1_15' title="bbox 136 1953 560 2039; baseline 0.005 -18"><span class='ocrx_word' id='word_1_101' title='bbox 136 1956 181 2037; x_wconf 80' lang='lat' dir='ltr'>ei</span> <span class='ocrx_word' id='word_1_102' title='bbox 205 1974 279 2021; x_wconf 90' lang='lat' dir='ltr'>nou</span> <span class='ocrx_word' id='word_1_103' title='bbox 303 1953 560 2039; x_wconf 89' lang='lat' dir='ltr'>denegaverim.</span> 
     </span>
    </p>

    <p class='ocr_par' dir='ltr' id='par_1_6' title="bbox 142 2064 1393 2607">
     <span class='ocr_line' id='line_1_16' title="bbox 254 2064 1350 2156; baseline 0.002 -22"><span class='ocrx_word' id='word_1_104' title='bbox 254 2067 421 2135; x_wconf 81' lang='lat' dir='ltr'>Fortasse</span> <span class='ocrx_word' id='word_1_105' title='bbox 452 2067 631 2155; x_wconf 88' lang='lat' dir='ltr'>Xenopho</span> <span class='ocrx_word' id='word_1_106' title='bbox 671 2069 769 2137; x_wconf 91' lang='lat' dir='ltr'>haud</span> <span class='ocrx_word' id='word_1_107' title='bbox 811 2089 926 2156; x_wconf 89' lang='lat' dir='ltr'>pauca</span> <span class='ocrx_word' id='word_1_108' title='bbox 965 2091 1007 2136; x_wconf 82' lang='lat' dir='ltr'>ex</span> <span class='ocrx_word' id='word_1_109' title='bbox 1046 2075 1240 2135; x_wconf 90' lang='lat' dir='ltr'>ceterorum</span> <span class='ocrx_word' id='word_1_110' title='bbox 1280 2064 1350 2136; x_wconf 82' lang='lat' dir='ltr'>So-</span> 
     </span>
     <span class='ocr_line' id='line_1_17' title="bbox 142 2180 1350 2269; baseline 0.002 -23"><span class='ocrx_word' id='word_1_111' title='bbox 142 2182 360 2248; x_wconf 80' lang='lat' dir='ltr'>craticorum</span> <span class='ocrx_word' id='word_1_112' title='bbox 391 2183 533 2267; x_wconf 87' lang='lat' dir='ltr'>scriptis</span> <span class='ocrx_word' id='word_1_113' title='bbox 561 2185 703 2269; x_wconf 90' lang='lat' dir='ltr'>recepit,</span> <span class='ocrx_word' id='word_1_114' title='bbox 734 2189 768 2250; x_wconf 94' lang='lat' dir='ltr'>et</span> <span class='ocrx_word' id='word_1_115' title='bbox 795 2182 951 2268; x_wconf 86' lang='lat' dir='ltr'>profecto</span> <span class='ocrx_word' id='word_1_116' title='bbox 982 2180 1124 2248; x_wconf 88' lang='lat' dir='ltr'>videtur</span> <span class='ocrx_word' id='word_1_117' title='bbox 1146 2180 1350 2249; x_wconf 85' lang='lat' dir='ltr'>Aeschines</span> 
     </span>
     <span class='ocr_line' id='line_1_18' title="bbox 153 2292 1352 2378; baseline 0 -17"><span class='ocrx_word' id='word_1_118' title='bbox 153 2295 385 2378; x_wconf 73' lang='lat' dir='ltr'>,Aspasiam‘³</span> <span class='ocrx_word' id='word_1_119' title='bbox 419 2315 521 2362; x_wconf 90' lang='lat' dir='ltr'>suam</span> <span class='ocrx_word' id='word_1_120' title='bbox 554 2303 636 2363; x_wconf 89' lang='lat' dir='ltr'>ante</span> <span class='ocrx_word' id='word_1_121' title='bbox 666 2293 921 2364; x_wconf 88' lang='lat' dir='ltr'>Memorabilia·</span> <span class='ocrx_word' id='word_1_122' title='bbox 940 2292 1150 2375; x_wconf 85' lang='lat' dir='ltr'>edidisse;¹)</span> <span class='ocrx_word' id='word_1_123' title='bbox 1176 2295 1352 2378; x_wconf 85' lang='lat' dir='ltr'>quoniam</span> 
     </span>
     <span class='ocr_line' id='line_1_19' title="bbox 145 2406 1393 2492; baseline -0.003 -20"><span class='ocrx_word' id='word_1_124' title='bbox 145 2413 271 2476; x_wconf 85' lang='lat' dir='ltr'>autem</span> <span class='ocrx_word' id='word_1_125' title='bbox 302 2406 360 2474; x_wconf 92' lang='lat' dir='ltr'>hic</span> <span class='ocrx_word' id='word_1_126' title='bbox 389 2406 555 2492; x_wconf 88' lang='lat' dir='ltr'>dialogus</span> <span class='ocrx_word' id='word_1_127' title='bbox 586 2415 627 2476; x_wconf 93' lang='lat' dir='ltr'>ut</span> <span class='ocrx_word' id='word_1_128' title='bbox 654 2411 760 2476; x_wconf 90' lang='lat' dir='ltr'>ceteri</span> <span class='ocrx_word' id='word_1_129' title='bbox 786 2407 946 2476; x_wconf 89' lang='lat' dir='ltr'>eiusdem</span> <span class='ocrx_word' id='word_1_130' title='bbox 977 2409 1132 2475; x_wconf 88' lang='lat' dir='ltr'>auctoris</span> <span class='ocrx_word' id='word_1_131' title='bbox 1155 2408 1351 2492; x_wconf 82' lang='lat' dir='ltr'>perierunt,</span> <span class='ocrx_word' id='word_1_132' title='bbox 1391 2463 1393 2468; x_wconf 85' lang='lat'>.</span> 
     </span>
     <span class='ocr_line' id='line_1_20' title="bbox 151 2517 1393 2607; baseline 0.002 -22"><span class='ocrx_word' id='word_1_133' title='bbox 151 2540 238 2586; x_wconf 89' lang='lat' dir='ltr'>num</span> <span class='ocrx_word' id='word_1_134' title='bbox 263 2526 296 2586; x_wconf 90' lang='lat' dir='ltr'>et</span> <span class='ocrx_word' id='word_1_135' title='bbox 313 2527 488 2605; x_wconf 89' lang='lat' dir='ltr'>quatenus</span> <span class='ocrx_word' id='word_1_136' title='bbox 506 2542 566 2591; x_wconf 91' lang='lat' dir='ltr'>eos</span> <span class='ocrx_word' id='word_1_137' title='bbox 583 2523 745 2589; x_wconf 89' lang='lat' dir='ltr'>imitatus</span> <span class='ocrx_word' id='word_1_138' title='bbox 763 2524 820 2601; x_wconf 88' lang='lat' dir='ltr'>sit,</span> <span class='ocrx_word' id='word_1_139' title='bbox 841 2542 915 2589; x_wconf 89' lang='lat' dir='ltr'>non</span> <span class='ocrx_word' id='word_1_140' title='bbox 929 2541 1125 2607; x_wconf 89' lang='lat' dir='ltr'>possumus</span> <span class='ocrx_word' id='word_1_141' title='bbox 1143 2517 1351 2587; x_wconf 88' lang='lat' dir='ltr'>diiudicare.</span> <span class='ocrx_word' id='word_1_142' title='bbox 1391 2517 1393 2521; x_wconf 72' lang='grc'>’</span> 
     </span>
    </p>
   </div>
   <div class='ocr_carea' id='block_1_5' title="bbox 144 2630 1356 3396">
    <p class='ocr_par' dir='ltr' id='par_1_7' title="bbox 144 2630 1354 2945">
     <span class='ocr_line' id='line_1_21' title="bbox 144 2630 1354 2718; baseline 0.002 -20"><span class='ocrx_word' id='word_1_143' title='bbox 144 2630 336 2712; x_wconf 71' lang='lat' dir='ltr'>Quantum</span> <span class='ocrx_word' id='word_1_144' title='bbox 367 2653 410 2699; x_wconf 84' lang='lat' dir='ltr'>ex</span> <span class='ocrx_word' id='word_1_145' title='bbox 440 2631 648 2717; x_wconf 86' lang='lat' dir='ltr'>fragmentis</span> <span class='ocrx_word' id='word_1_146' title='bbox 679 2636 837 2702; x_wconf 85' lang='lat' dir='ltr'>conicere</span> <span class='ocrx_word' id='word_1_147' title='bbox 866 2633 960 2712; x_wconf 85' lang='lat' dir='ltr'>licet,</span> <span class='ocrx_word' id='word_1_148' title='bbox 983 2632 1182 2701; x_wconf 84' lang='lat' dir='ltr'>Aeschines</span> <span class='ocrx_word' id='word_1_149' title='bbox 1212 2640 1246 2700; x_wconf 91' lang='lat' dir='ltr'>et</span> <span class='ocrx_word' id='word_1_150' title='bbox 1274 2634 1354 2718; x_wconf 90' lang='lat' dir='ltr'>ipse</span> 
     </span>
     <span class='ocr_line' id='line_1_22' title="bbox 145 2743 1354 2835; baseline 0 -24"><span class='ocrx_word' id='word_1_151' title='bbox 145 2743 315 2828; x_wconf 81' lang='lat' dir='ltr'>dialogos</span> <span class='ocrx_word' id='word_1_152' title='bbox 340 2766 425 2812; x_wconf 91' lang='lat' dir='ltr'>suos</span> <span class='ocrx_word' id='word_1_153' title='bbox 449 2747 487 2813; x_wconf 90' lang='lat' dir='ltr'>in</span> <span class='ocrx_word' id='word_1_154' title='bbox 512 2745 742 2830; x_wconf 88' lang='lat' dir='ltr'>diegematico</span> <span class='ocrx_word' id='word_1_155' title='bbox 770 2767 897 2831; x_wconf 89' lang='lat' dir='ltr'>genere</span> <span class='ocrx_word' id='word_1_156' title='bbox 921 2747 1123 2832; x_wconf 90' lang='lat' dir='ltr'>composuit</span> <span class='ocrx_word' id='word_1_157' title='bbox 1155 2751 1189 2812; x_wconf 92' lang='lat' dir='ltr'>et</span> <span class='ocrx_word' id='word_1_158' title='bbox 1212 2743 1354 2835; x_wconf 83' lang='lat' dir='ltr'>Socrati</span> 
     </span>
     <span class='ocr_line' id='line_1_23' title="bbox 145 2857 754 2945; baseline 0.007 -21"><span class='ocrx_word' id='word_1_159' title='bbox 145 2857 293 2925; x_wconf 87' lang='lat' dir='ltr'>dicendi</span> <span class='ocrx_word' id='word_1_160' title='bbox 315 2860 557 2945; x_wconf 88' lang='lat' dir='ltr'>principatum</span> <span class='ocrx_word' id='word_1_161' title='bbox 580 2858 754 2942; x_wconf 73' lang='lat' dir='ltr'>tribuit²i</span> 
     </span>
    </p>

    <p class='ocr_par' dir='ltr' id='par_1_8' title="bbox 146 2969 1356 3396">
     <span class='ocr_line' id='line_1_24' title="bbox 179 2969 1354 3059; baseline 0.001 -22"><span class='ocrx_word' id='word_1_162' title='bbox 179 2976 182 2981; x_wconf 85' lang='lat'>&#39;</span> <span class='ocrx_word' id='word_1_163' title='bbox 256 2969 447 3039; x_wconf 85' lang='lat' dir='ltr'>Difficilior</span> <span class='ocrx_word' id='word_1_164' title='bbox 478 2974 584 3039; x_wconf 90' lang='lat' dir='ltr'>etiam</span> <span class='ocrx_word' id='word_1_165' title='bbox 616 2980 670 3040; x_wconf 91' lang='lat' dir='ltr'>est</span> <span class='ocrx_word' id='word_1_166' title='bbox 701 2975 873 3059; x_wconf 84' lang='lat' dir='ltr'>quaestio,</span> <span class='ocrx_word' id='word_1_167' title='bbox 905 2970 1084 3058; x_wconf 91' lang='lat' dir='ltr'>quomodo</span> <span class='ocrx_word' id='word_1_168' title='bbox 1113 2970 1354 3038; x_wconf 85' lang='lat' dir='ltr'>Antisthenes</span> 
     </span>
     <span class='ocr_line' id='line_1_25' title="bbox 146 3080 1356 3172; baseline 0.002 -23"><span class='ocrx_word' id='word_1_169' title='bbox 146 3081 316 3166; x_wconf 86' lang='lat' dir='ltr'>dialogos</span> <span class='ocrx_word' id='word_1_170' title='bbox 341 3106 427 3153; x_wconf 90' lang='lat' dir='ltr'>suos</span> <span class='ocrx_word' id='word_1_171' title='bbox 451 3089 699 3172; x_wconf 89' lang='lat' dir='ltr'>composuerit.</span> <span class='ocrx_word' id='word_1_172' title='bbox 746 3085 903 3153; x_wconf 79' lang='lat' dir='ltr'>Exstant</span> <span class='ocrx_word' id='word_1_173' title='bbox 933 3083 1077 3170; x_wconf 88' lang='lat' dir='ltr'>quidem</span> <span class='ocrx_word' id='word_1_174' title='bbox 1107 3080 1206 3150; x_wconf 92' lang='lat' dir='ltr'>haud</span> <span class='ocrx_word' id='word_1_175' title='bbox 1235 3104 1356 3169; x_wconf 88' lang='lat' dir='ltr'>pauca</span> 
     </span>
     <span class='ocr_line' id='line_1_26' title="bbox 153 3195 1355 3285; baseline 0 -21"><span class='ocrx_word' id='word_1_176' title='bbox 153 3195 361 3280; x_wconf 82' lang='lat' dir='ltr'>fragmenta,</span> <span class='ocrx_word' id='word_1_177' title='bbox 392 3197 456 3265; x_wconf 85' lang='lat' dir='ltr'>sed</span> <span class='ocrx_word' id='word_1_178' title='bbox 478 3197 571 3267; x_wconf 90' lang='lat' dir='ltr'>nihil</span> <span class='ocrx_word' id='word_1_179' title='bbox 599 3198 672 3285; x_wconf 85' lang='lat' dir='ltr'>fere</span> <span class='ocrx_word' id='word_1_180' title='bbox 702 3197 785 3266; x_wconf 87' lang='lat' dir='ltr'>inde</span> <span class='ocrx_word' id='word_1_181' title='bbox 815 3197 858 3266; x_wconf 90' lang='lat' dir='ltr'>de</span> <span class='ocrx_word' id='word_1_182' title='bbox 886 3197 1000 3264; x_wconf 86' lang='lat' dir='ltr'>forma</span> <span class='ocrx_word' id='word_1_183' title='bbox 1031 3217 1153 3265; x_wconf 91' lang='lat' dir='ltr'>eorum</span> <span class='ocrx_word' id='word_1_184' title='bbox 1184 3195 1355 3264; x_wconf 89' lang='lat' dir='ltr'>concludi</span> 
     </span>
     <span class='ocr_line' id='line_1_27' title="bbox 153 3306 1354 3396; baseline 0.001 -20"><span class='ocrx_word' id='word_1_185' title='bbox 153 3316 280 3394; x_wconf 88' lang='lat' dir='ltr'>potest.</span> <span class='ocrx_word' id='word_1_186' title='bbox 331 3309 384 3376; x_wconf 89' lang='lat' dir='ltr'>No</span> <span class='ocrx_word' id='word_1_187' title='bbox 415 3309 507 3377; x_wconf 92' lang='lat' dir='ltr'>illud</span> <span class='ocrx_word' id='word_1_188' title='bbox 539 3310 683 3396; x_wconf 91' lang='lat' dir='ltr'>quidem</span> <span class='ocrx_word' id='word_1_189' title='bbox 713 3313 801 3379; x_wconf 89' lang='lat' dir='ltr'>satis</span> <span class='ocrx_word' id='word_1_190' title='bbox 830 3316 970 3376; x_wconf 90' lang='lat' dir='ltr'>constat</span> <span class='ocrx_word' id='word_1_191' title='bbox 1002 3310 1064 3394; x_wconf 91' lang='lat' dir='ltr'>qui</span> <span class='ocrx_word' id='word_1_192' title='bbox 1091 3306 1176 3376; x_wconf 91' lang='lat' dir='ltr'>libri</span> <span class='ocrx_word' id='word_1_193' title='bbox 1206 3311 1244 3376; x_wconf 91' lang='lat' dir='ltr'>in</span> <span class='ocrx_word' id='word_1_194' title='bbox 1278 3307 1354 3377; x_wconf 91' lang='lat' dir='ltr'>dis·</span> 
     </span>
    </p>
   </div>
   <div class='ocr_carea' id='block_1_6' title="bbox 140 3532 1393 4300">
    <p class='ocr_par' dir='ltr' id='par_1_9' title="bbox 140 3532 1393 4300">
     <span class='ocr_line' id='line_1_28' title="bbox 260 3532 1393 3613; baseline -0.005 -17"><span class='ocrx_word' id='word_1_195' title='bbox 260 3536 279 3596; x_wconf 82' lang='lat'>¹)</span> <span class='ocrx_word' id='word_1_196' title='bbox 299 3533 343 3592; x_wconf 80' lang='lat' dir='ltr'>Of.</span> <span class='ocrx_word' id='word_1_197' title='bbox 363 3534 451 3593; x_wconf 84' lang='lat' dir='ltr'>Mem.</span> <span class='ocrx_word' id='word_1_198' title='bbox 470 3535 503 3592; x_wconf 88' lang='lat' dir='ltr'>H</span> <span class='ocrx_word' id='word_1_199' title='bbox 520 3541 544 3602; x_wconf 90' lang='grc'>6,</span> <span class='ocrx_word' id='word_1_200' title='bbox 563 3538 598 3591; x_wconf 83' lang='grc'>36</span> <span class='ocrx_word' id='word_1_201' title='bbox 622 3539 653 3592; x_wconf 87' lang='lat' dir='ltr'>et</span> <span class='ocrx_word' id='word_1_202' title='bbox 673 3532 780 3592; x_wconf 87' lang='lat' dir='ltr'>Oecon.</span> <span class='ocrx_word' id='word_1_203' title='bbox 800 3533 847 3592; x_wconf 88' lang='lat' dir='ltr'>III</span> <span class='ocrx_word' id='word_1_204' title='bbox 867 3539 899 3590; x_wconf 82' lang='lat'>14</span> <span class='ocrx_word' id='word_1_205' title='bbox 916 3551 996 3590; x_wconf 88' lang='lat' dir='ltr'>-oum</span> <span class='ocrx_word' id='word_1_206' title='bbox 1025 3532 1194 3600; x_wconf 85' lang='lat' dir='ltr'>fragmento</span> <span class='ocrx_word' id='word_1_207' title='bbox 1222 3533 1356 3600; x_wconf 86' lang='lat' dir='ltr'>quodam</span> <span class='ocrx_word' id='word_1_208' title='bbox 1391 3599 1393 3613; x_wconf 64' lang='lat'>.</span> 
     </span>
     <span class='ocr_line' id='line_1_29' title="bbox 140 3606 1354 3679; baseline -0.002 0"><span class='ocrx_word' id='word_1_209' title='bbox 140 3614 172 3679; x_wconf 63' lang='lat' dir='ltr'>ssa</span> <span class='ocrx_word' id='word_1_210' title='bbox 191 3621 334 3679; x_wconf 82' lang='lat' dir='ltr'>Cicerone</span> <span class='ocrx_word' id='word_1_211' title='bbox 353 3627 471 3679; x_wconf 79' lang='lat' dir='ltr'>servato</span> <span class='ocrx_word' id='word_1_212' title='bbox 490 3621 527 3678; x_wconf 91' lang='lat' dir='ltr'>de</span> <span class='ocrx_word' id='word_1_213' title='bbox 544 3621 605 3679; x_wconf 79' lang='lat' dir='ltr'>inv.</span> <span class='ocrx_word' id='word_1_214' title='bbox 625 3621 641 3678; x_wconf 96' lang='lat' dir='ltr'>I</span> <span class='ocrx_word' id='word_1_215' title='bbox 659 3626 691 3679; x_wconf 89' lang='lat'>31</span> <span class='ocrx_word' id='word_1_216' title='bbox 711 3619 834 3679; x_wconf 88' lang='lat' dir='ltr'>Diels:</span> <span class='ocrx_word' id='word_1_217' title='bbox 856 3606 938 3677; x_wconf 82' lang='lat' dir='ltr'>Ilber</span> <span class='ocrx_word' id='word_1_218' title='bbox 956 3618 1010 3676; x_wconf 91' lang='lat' dir='ltr'>das</span> <span class='ocrx_word' id='word_1_219' title='bbox 1029 3623 1053 3675; x_wconf 90' lang='lat'>3.</span> <span class='ocrx_word' id='word_1_220' title='bbox 1073 3617 1160 3676; x_wconf 91' lang='lat' dir='ltr'>Buch</span> <span class='ocrx_word' id='word_1_221' title='bbox 1178 3617 1205 3674; x_wconf 93' lang='lat' dir='ltr'>d.</span> <span class='ocrx_word' id='word_1_222' title='bbox 1226 3617 1354 3678; x_wconf 80' lang='lat' dir='ltr'>Aristot.</span> 
     </span>
     <span class='ocr_line' id='line_1_30' title="bbox 154 3706 1393 3777; baseline -0.005 -10"><span class='ocrx_word' id='word_1_223' title='bbox 154 3707 300 3767; x_wconf 84' lang='lat' dir='ltr'>Rhetorik</span> <span class='ocrx_word' id='word_1_224' title='bbox 319 3707 348 3767; x_wconf 85' lang='lat' dir='ltr'>S.</span> <span class='ocrx_word' id='word_1_225' title='bbox 368 3712 410 3766; x_wconf 81' lang='lat'>22.</span> <span class='ocrx_word' id='word_1_226' title='bbox 448 3707 653 3777; x_wconf 81' lang='lat' dir='ltr'>Sitzrmgsber.</span> <span class='ocrx_word' id='word_1_227' title='bbox 673 3707 701 3766; x_wconf 88' lang='lat' dir='ltr'>d.</span> <span class='ocrx_word' id='word_1_228' title='bbox 721 3707 800 3765; x_wconf 88' lang='lat' dir='ltr'>Berl.</span> <span class='ocrx_word' id='word_1_229' title='bbox 820 3706 915 3764; x_wconf 86' lang='lat' dir='ltr'>Ahad.</span> <span class='ocrx_word' id='word_1_230' title='bbox 936 3710 1012 3765; x_wconf 88' lang='lat'>1886.</span> <span class='ocrx_word' id='word_1_231' title='bbox 1391 3721 1393 3727; x_wconf 91' lang='lat'>·</span> 
     </span>
     <span class='ocr_line' id='line_1_31' title="bbox 140 3785 1355 3865; baseline -0.003 -11"><span class='ocrx_word' id='word_1_232' title='bbox 140 3819 141 3824; x_wconf 45' lang='lat'>¹</span> <span class='ocrx_word' id='word_1_233' title='bbox 259 3796 279 3863; x_wconf 60' lang='lat' dir='ltr'>a)</span> <span class='ocrx_word' id='word_1_234' title='bbox 299 3795 331 3853; x_wconf 84' lang='lat' dir='ltr'>C.</span> <span class='ocrx_word' id='word_1_235' title='bbox 342 3795 394 3852; x_wconf 79' lang='lat' dir='ltr'>rr.</span> <span class='ocrx_word' id='word_1_236' title='bbox 405 3794 608 3862; x_wconf 84' lang='lat' dir='ltr'>Hermann,</span> <span class='ocrx_word' id='word_1_237' title='bbox 627 3794 793 3865; x_wconf 85' lang='lat' dir='ltr'>disputatio</span> <span class='ocrx_word' id='word_1_238' title='bbox 812 3793 850 3852; x_wconf 88' lang='lat' dir='ltr'>de</span> <span class='ocrx_word' id='word_1_239' title='bbox 868 3791 1030 3852; x_wconf 84' lang='lat' dir='ltr'>Aeschinis</span> <span class='ocrx_word' id='word_1_240' title='bbox 1049 3791 1194 3850; x_wconf 86' lang='lat' dir='ltr'>Socratici</span> <span class='ocrx_word' id='word_1_241' title='bbox 1212 3785 1355 3862; x_wconf 77' lang='lat' dir='ltr'>reliquiis</span> 
     </span>
     <span class='ocr_line' id='line_1_32' title="bbox 149 3878 1356 3952; baseline -0.004 -11"><span class='ocrx_word' id='word_1_242' title='bbox 149 3882 236 3941; x_wconf 68' lang='lat' dir='ltr'>doct.</span> <span class='ocrx_word' id='word_1_243' title='bbox 264 3887 332 3940; x_wconf 78' lang='lat'>1850</span> <span class='ocrx_word' id='word_1_244' title='bbox 348 3901 377 3951; x_wconf 86' lang='lat' dir='ltr'>p.</span> <span class='ocrx_word' id='word_1_245' title='bbox 400 3888 434 3939; x_wconf 80' lang='grc'>29</span> <span class='ocrx_word' id='word_1_246' title='bbox 457 3881 509 3939; x_wconf 90' lang='lat' dir='ltr'>ubi</span> <span class='ocrx_word' id='word_1_247' title='bbox 533 3882 702 3952; x_wconf 82' lang='lat' dir='ltr'>fragmenta</span> <span class='ocrx_word' id='word_1_248' title='bbox 726 3881 786 3940; x_wconf 92' lang='lat' dir='ltr'>duo</span> <span class='ocrx_word' id='word_1_249' title='bbox 810 3900 828 3938; x_wconf 87' lang='lat' dir='ltr'>a</span> <span class='ocrx_word' id='word_1_250' title='bbox 851 3879 1007 3938; x_wconf 89' lang='lat' dir='ltr'>Prisciano</span> <span class='ocrx_word' id='word_1_251' title='bbox 1031 3878 1138 3936; x_wconf 86' lang='lat' dir='ltr'>XVIII</span> <span class='ocrx_word' id='word_1_252' title='bbox 1156 3883 1190 3936; x_wconf 81' lang='lat'>25</span> <span class='ocrx_word' id='word_1_253' title='bbox 1212 3879 1229 3946; x_wconf 66' lang='grc' dir='ltr'>ξ</span> <span class='ocrx_word' id='word_1_254' title='bbox 1248 3883 1301 3936; x_wconf 82' lang='grc'>226</span> <span class='ocrx_word' id='word_1_255' title='bbox 1325 3883 1356 3938; x_wconf 86' lang='lat' dir='ltr'>et</span> 
     </span>
     <span class='ocr_line' id='line_1_33' title="bbox 155 3963 1356 4037; baseline -0.005 -9"><span class='ocrx_word' id='word_1_256' title='bbox 155 3969 308 4028; x_wconf 88' lang='lat' dir='ltr'>Demetrio</span> <span class='ocrx_word' id='word_1_257' title='bbox 332 3969 370 4026; x_wconf 90' lang='lat' dir='ltr'>de</span> <span class='ocrx_word' id='word_1_258' title='bbox 392 3969 473 4026; x_wconf 82' lang='lat' dir='ltr'>Elec.</span> <span class='ocrx_word' id='word_1_259' title='bbox 498 3971 582 4036; x_wconf 72' lang='lat'>§201</span> <span class='ocrx_word' id='word_1_260' title='bbox 608 3974 725 4027; x_wconf 83' lang='lat' dir='ltr'>servata</span> <span class='ocrx_word' id='word_1_261' title='bbox 747 3967 859 4037; x_wconf 85' lang='lat' dir='ltr'>attulit,</span> <span class='ocrx_word' id='word_1_262' title='bbox 888 3971 1043 4036; x_wconf 87' lang='lat' dir='ltr'>praeterea</span> <span class='ocrx_word' id='word_1_263' title='bbox 1066 3965 1161 4023; x_wconf 87' lang='lat' dir='ltr'>Prisc.</span> <span class='ocrx_word' id='word_1_264' title='bbox 1189 3963 1298 4023; x_wconf 84' lang='lat' dir='ltr'>XVllI</span> <span class='ocrx_word' id='word_1_265' title='bbox 1320 3969 1356 4022; x_wconf 79' lang='grc'>26</span> 
     </span>
     <span class='ocr_line' id='line_1_34' title="bbox 153 4050 1356 4128; baseline -0.004 -14"><span class='ocrx_word' id='word_1_266' title='bbox 153 4062 245 4128; x_wconf 77' lang='lat'>§193</span> <span class='ocrx_word' id='word_1_267' title='bbox 268 4057 457 4114; x_wconf 87' lang='lat' dir='ltr'>Hermann</span> <span class='ocrx_word' id='word_1_268' title='bbox 480 4075 508 4126; x_wconf 90' lang='lat' dir='ltr'>p.</span> <span class='ocrx_word' id='word_1_269' title='bbox 528 4062 571 4125; x_wconf 81' lang='lat'>25,</span> <span class='ocrx_word' id='word_1_270' title='bbox 597 4056 749 4115; x_wconf 89' lang='lat' dir='ltr'>scholiast.</span> <span class='ocrx_word' id='word_1_271' title='bbox 774 4055 866 4114; x_wconf 87' lang='lat' dir='ltr'>Arist.</span> <span class='ocrx_word' id='word_1_272' title='bbox 892 4054 925 4111; x_wconf 85' lang='grc' dir='ltr'>Τ.</span> <span class='ocrx_word' id='word_1_273' title='bbox 944 4052 977 4110; x_wconf 94' lang='grc' dir='ltr'>Π</span> <span class='ocrx_word' id='word_1_274' title='bbox 994 4072 1023 4122; x_wconf 86' lang='lat' dir='ltr'>p.</span> <span class='ocrx_word' id='word_1_275' title='bbox 1043 4057 1166 4110; x_wconf 81' lang='lat' dir='ltr'>aaa-94</span> <span class='ocrx_word' id='word_1_276' title='bbox 1188 4051 1236 4109; x_wconf 87' lang='lat' dir='ltr'>ed.</span> <span class='ocrx_word' id='word_1_277' title='bbox 1262 4050 1356 4110; x_wconf 88' lang='lat' dir='ltr'>Dind.</span> 
     </span>
     <span class='ocr_line' id='line_1_35' title="bbox 155 4137 1358 4213; baseline -0.006 -6"><span class='ocrx_word' id='word_1_278' title='bbox 155 4148 347 4207; x_wconf 88' lang='lat' dir='ltr'>Hermann</span> <span class='ocrx_word' id='word_1_279' title='bbox 370 4162 399 4213; x_wconf 84' lang='lat' dir='ltr'>p.</span> <span class='ocrx_word' id='word_1_280' title='bbox 421 4150 452 4200; x_wconf 87' lang='lat'>16</span> <span class='ocrx_word' id='word_1_281' title='bbox 476 4143 537 4201; x_wconf 80' lang='lat' dir='ltr'>Cio.</span> <span class='ocrx_word' id='word_1_282' title='bbox 563 4143 601 4201; x_wconf 88' lang='lat' dir='ltr'>de</span> <span class='ocrx_word' id='word_1_283' title='bbox 625 4143 686 4202; x_wconf 88' lang='lat' dir='ltr'>inv.</span> <span class='ocrx_word' id='word_1_284' title='bbox 706 4143 722 4202; x_wconf 95' lang='lat' dir='ltr'>I</span> <span class='ocrx_word' id='word_1_285' title='bbox 739 4149 781 4212; x_wconf 88' lang='lat'>31,</span> <span class='ocrx_word' id='word_1_286' title='bbox 811 4142 1000 4200; x_wconf 89' lang='lat' dir='ltr'>Hermann</span> <span class='ocrx_word' id='word_1_287' title='bbox 1025 4157 1053 4208; x_wconf 91' lang='lat' dir='ltr'>p.</span> <span class='ocrx_word' id='word_1_288' title='bbox 1081 4144 1122 4208; x_wconf 83' lang='grc'>16,</span> <span class='ocrx_word' id='word_1_289' title='bbox 1147 4137 1296 4197; x_wconf 81' lang='lat' dir='ltr'>Antonihi</span> <span class='ocrx_word' id='word_1_290' title='bbox 1321 4141 1358 4200; x_wconf 75' lang='grc' dir='ltr'>εἰς</span> 
     </span>
     <span class='ocr_line' id='line_1_36' title="bbox 152 4228 635 4300; baseline 0.017 -19"><span class='ocrx_word' id='word_1_291' title='bbox 152 4228 247 4283; x_wconf 70' lang='grc' dir='ltr'><strong>ἑαυτὸν</strong></span> <span class='ocrx_word' id='word_1_292' title='bbox 265 4228 326 4286; x_wconf 85' lang='lat' dir='ltr'>VII</span> <span class='ocrx_word' id='word_1_293' title='bbox 345 4236 386 4299; x_wconf 89' lang='grc'>66,</span> <span class='ocrx_word' id='word_1_294' title='bbox 406 4229 525 4287; x_wconf 90' lang='lat' dir='ltr'>Herm.</span> <span class='ocrx_word' id='word_1_295' title='bbox 544 4249 572 4300; x_wconf 89' lang='lat' dir='ltr'>p.</span> <span class='ocrx_word' id='word_1_296' title='bbox 592 4237 635 4289; x_wconf 81' lang='lat'>25.</span> 
     </span>
    </p>
   </div>
   <div class='ocr_carea' id='block_1_7' title="bbox 0 0 1415 4680">
    <p class='ocr_par' dir='ltr' id='par_1_10' title="bbox 0 0 1415 4680">
     <span class='ocr_line' id='line_1_37' title="bbox 0 0 1415 4680; baseline 0 0"><span class='ocrx_word' id='word_1_297' title='bbox 0 0 1415 4680; x_wconf 95' lang='lat' dir='ltr'> </span> 
     </span>
    </p>
   </div>
  </div>
 </body>
</html>
