2798 4680
97 291 120 355 6

98 493 182 563 dam
215 514 271 562 res
300 500 447 581 propter
476 494 753 565 similitudinem
785 517 905 565 earum
937 496 1069 582 quibus
1091 498 1290 560 assenserat

96 607 338 694 probaretur.“
386 606 474 689 (Oia.
499 606 543 676 de
566 610 638 677 inv.
663 609 681 677 I
704 613 722 685 ἐ
745 609 815 692 51.)
830 609 857 692 ¹)

202 717 273 787 Sed
296 719 364 787 hac
386 720 631 805 interrogandi
654 728 690 789 et
712 720 917 809 inquirendi
940 716 1197 789 consuetudine
1219 736 1291 802 qua

98 835 161 918 qui
183 836 443 920 sapientissimi
474 838 509 901 et
537 831 812 921 prudentissimi
843 835 915 904 sibi
942 831 1156 902 videbantur
1182 829 1289 917 plane
1316 868 1319 875 »

97 947 314 1031 coarguebat
350 943 613 1033 permultorum
652 945 775 1016 odium
813 950 850 1015 in
885 967 923 1014 se
958 947 1149 1024 convertit,
1195 940 1289 1028 quod

96 1061 212 1142 magis
241 1061 428 1145 magisque
459 1058 547 1128 adeo
578 1062 698 1138 crevit,
728 1067 768 1128 ut
790 1059 864 1127 ficti
887 1061 1045 1126 oriminis
1070 1062 1289 1124 accusaretur

97 1173 295 1257 capitisque
319 1170 556 1239 damnaretur.

201 1280 272 1351 Sed
295 1286 479 1370 cumipse
503 1305 577 1353 non
601 1281 711 1352 simul
734 1283 855 1353 studia
871 1287 947 1353 eius
963 1287 1158 1371 perierunt3
1182 1278 1288 1347 disci-

65 1442 66 1447 =
96 1393 176 1482 puli
210 1393 365 1464 Socratis
404 1396 608 1483 inquirendi
642 1399 718 1465 eius
764 1400 938 1467 rationem
983 1400 1202 1464 retinuerunt
1244 1389 1290 1458 ad

97 1528 245 1594 eamque
279 1530 441 1577 normam
482 1508 595 1580 libros
635 1519 921 1596 composuerunt.
980 1509 1038 1576 Sic
1077 1505 1289 1590 dialogicum

96 1607 286 1710 scribendi
304 1642 419 1706 genus
450 1625 489 1690 in
518 1621 655 1691 litteras
680 1621 867 1692 inductum
891 1631 953 1690 est.
1007 1620 1082 1688 Hac
1106 1641 1184 1688 cum
1207 1638 1289 1685 seu·

95 1735 209 1801 tentia
241 1732 421 1818 Diogenes
458 1733 602 1821 quidem
642 1755 803 1821 pugnare
836 1735 977 1830 videtur
1020 1737 1081 1820 qui
1114 1732 1291 1800 Zenonem

96 1844 258 1914 Eleatem
283 1849 439 1932 primum
472 1845 634 1932 dialogos
666 1850 912 1934 composuisse
941 1846 1050 1914 tradit
1072 1845 1125 1914 HI
1146 1850 1201 1913 48:
1229 1847 1291 1906 δια-

96 1956 199 2041 λόγους
229 1955 321 2020 τοίνυν
351 1956 423 2045 ρασὶ
453 1964 564 2044 πρῶτον
590 1958 702 2045 γράψαι
732 1959 856 2044 Ζήνωνα
885 1959 934 2022 τὸν
953 1958 1115 2041 Ἐλεοὶτην;
1150 1956 1222 2034 sed,
1253 1959 1293 2025 ni

96 2068 212 2148 fallor,
241 2068 377 2154 διάλογον
408 2079 442 2141 et
471 2072 654 2155 διαλεκτικὴν
690 2076 938 2150 commutavit,
977 2092 1130 2159 quocum
1161 2072 1321 2156 optime·

96 2180 181 2250 iacit
211 2184 414 2271 conjectura
444 2183 654 2254 Steinhartii
679 2184 890 2254 Susamihlii
921 2185 1073 2255 aliorum
1096 2183 1297 2262 Platonem·

96 2301 137 2363 ut
171 2298 317 2364 omnino
352 2317 524 2382 personas
563 2320 647 2366 suas
684 2319 791 2385 quam
825 2301 1011 2366 verissime
1046 2296 1220 2374 describit,
1255 2297 1293 2363 in

97 2407 209 2476 altera
242 2408 467 2477 Parmenidis
501 2419 601 2498 parte
635 2411 791 2480 Zenonis
826 2433 961 2481 morem
996 2415 1173 2480 imitatum
1205 2426 1291 2475 esse.

96 2518 190 2588 Nam
215 2542 301 2589 sane
326 2520 384 2589 hic
407 2514 481 2592 nou
503 2527 624 2592 minus
641 2523 865 2593 aPlatonioo
883 2524 1060 2599 abhorret,
1085 2543 1190 2610 quam
1213 2541 1294 2588 oum

97 2630 304 2703 definitione
333 2632 537 2728 dialecticae
573 2639 738 2720 congruit
767 2658 874 2723 quam
907 2635 1087 2720 Diogenes
1119 2634 1294 2704 Albinum

96 2753 239 2812 secutus
263 2745 388 2815 eodem
411 2745 490 2816 loco
513 2748 660 2835 profert:
685 2747 745 2812 ἔστι
765 2748 798 2811 δὲ
814 2748 951 2832 διάλογος
968 2748 1056 2832 λόγος
1072 2751 1101 2821 ἐξ
1125 2746 1294 2833 ἐρωτήσεως

95 2855 145 2921 καὶ
168 2854 351 2942 ἀποκρίσεως
374 2838 558 2943 συγκείμενος
590 2860 655 2946 περί
681 2886 754 2933 τινος
784 2867 839 2926 τῶν
862 2862 1121 2947 φιλοσοφουμένων
1143 2857 1191 2922 καὶ
1213 2862 1312 2920 πολι·4
1355 2860 1359 2881 ²

95 2976 178 3034 τικιῖν
200 2972 274 3056 μετὰ
297 2977 348 3054 τῆς
370 2971 536 3058 πρεπούσης
554 2972 712 3047 siccatio<
727 2981 782 3038 τῶν
803 2975 1114 3060 παραλαμβανομένων
1136 2969 1294 3057 προσώπων
1344 3046 1348 3057 Ι

95 3081 145 3146 καὶ
167 3089 218 3167 τῆς
240 3085 315 3148 κατὰ
338 3085 390 3169 τὴν
413 3085 486 3157 λέξιν
516 3092 706 3168 κατασκευῆς.
745 3089 913 3171 διαλεκτικὴ
943 3087 971 3151 δ’
998 3087 1058 3152 ἔστι
1080 3087 1168 3172 τέχνη
1191 3083 1293 3165 λόγων,
1316 3076 1328 3087 ’

95 3194 126 3257 δ’
158 3191 193 3280 ἧς
224 3195 461 3282 ἀνασκευάζομέν
488 3223 515 3261 τι
542 3195 562 3281 ἢ
592 3200 849 3284 κατασκευάζομεν
879 3204 907 3274 ἐξ
939 3200 1111 3286 ἐρωτήσεως
1144 3195 1192 3262 καὶ
1222 3194 1295 3258 cluo·

95 3305 218 3392 κρίσεως
241 3315 292 3371 τῶν
314 3310 612 3394 προσδιαλεγομένων.
659 3313 811 3383 Prorsus
837 3324 955 3383 autem
979 3313 1073 3382 nihil
1097 3316 1227 3380 scimus
1250 3307 1294 3376 de

97 3419 319 3491 Alexameno
350 3420 476 3508 Styreo
507 3426 583 3492 sive
612 3425 696 3494 Teio
732 3429 791 3494 cui
825 3427 1038 3498 Aristoteles
1075 3425 1170 3513 apud
1203 3421 1293 3489 Dio-

95 3553 223 3617 genem
246 3533 269 3602 l.
294 3534 318 3614 l,
343 3533 478 3620 dialogi
502 3539 746 3608 inventionem
772 3542 944 3619 attribuit,
975 3545 1149 3626 cuiusque
1175 3536 1294 3617 Σωκρα·

96 3647 195 3715 truci:
231 3647 282 3730 (l)
318 3647 472 3731 διαλόγοις
512 3672 592 3717 cum
628 3650 829 3738 Sophronis
865 3657 984 3721 mimis
1021 3650 1171 3721 contulit
1204 3652 1295 3714 testo

201 3872 221 3938 ¹)
241 3870 285 3928 Of.
310 3871 401 3929 etiem
424 3872 513 3930 Mem.
533 3873 577 3931 IV
595 3880 620 3941 6,
641 3879 673 3931 15
697 3875 750 3933 ubi
768 3876 938 3947 Xenophon
964 3874 1103 3944 exemplo
1128 3869 1292 3942 praemisso

95 3955 267 4016 disserendi
284 3957 351 4016 eius
368 3957 516 4017 rationem
534 3959 579 4019 sio
597 3961 756 4020 describit:
786 3959 855 4018 olto
874 3965 902 4017 δὲ
919 3968 970 4015 τῶν
989 3959 1072 4033 λόγων
1088 3959 1291 4031 ἐπαναγομένων

95 4045 141 4098 καὶ
164 4051 219 4104 τοῖς
241 4040 413 4116 ἀντιλέγουσιν
440 4042 528 4106 αὐτοῖς
553 4047 665 4121 φανερὸν
690 4051 803 4121 ἐγίγνετο
828 4045 853 4102 τ’
877 4045 984 4120 ἀληθές.
1023 4045 1102 4102 ὁπότε
1127 4050 1154 4101 δὲ
1173 4041 1249 4104 οὗτός
1268 4061 1293 4096 τι

94 4128 221 4204 τῷλόγῳ
245 4130 340 4194 διεξίοι,
364 4129 406 4185 διὰ
430 4137 479 4186 τῶν
505 4129 617 4204 μάλιστα
643 4131 857 4208 ὁμολογουμένων
884 4132 1032 4208 ἐπορεόετο,
1058 4137 1169 4206 νομίζων
1193 4128 1292 4194 ταύτην

95 4213 240 4290 ἀσφάλειαν
259 4219 324 4272 εἶναι
343 4215 428 4290 λόγου.
