2798 4680
131 308 182 370 48

137 511 176 579 ir.
201 509 260 597 ph.
284 531 334 592 gr.
360 509 375 575 I
399 514 490 591 516),
516 508 714 597 disputatio
740 509 1341 580 (1011110100οο0110111101111110

131 625 396 709 ,sapientissimi
429 627 520 707 regis
544 623 712 693 Κο11101
741 623 869 692 Albini
897 627 1060 709 magistri
1092 623 1217 703 (Halm
1247 624 1338 692 rhet.

139 740 223 804 min.
255 740 347 815 525),
381 735 533 805 Maximi
565 736 740 805 Planudis
776 733 840 820 περὶ
874 742 1074 821 γραμματικῆς
1110 737 1341 819 (Bachmann

136 849 259 917 anecd.
285 872 334 933 gr.
361 848 429 926 Π),
453 871 497 916 00
523 847 611 922 Πίναξ
635 848 778 936 quidem
804 850 945 919 Cebetis
969 849 1164 919 admodum
1195 850 1239 917 ab
1269 851 1342 918 hoc

137 984 266 1046 genere
292 963 466 1031 abhorret.

136 1155 137 1159 Ἰ
245 1075 424 1143 Ciceronis
457 1076 661 1162 exemplum
690 1078 828 1161 primus
858 1083 1032 1161 quantum
1068 1080 1200 1145 scimus
1236 1075 1342 1145 Titus

141 1189 268 1256 Livius
301 1196 443 1256 secutus
480 1196 534 1256 001
562 1192 624 1275 qui
661 1188 795 1256 Seneca
824 1195 914 1256 10010
945 1211 996 1276 ep.
1024 1195 1141 1269 100,9
1173 1189 1343 1276 dialogos

132 1303 283 1388 scripsit
309 1323 419 1386 „quos
444 1322 516 1368 000
540 1305 655 1385 magis
683 1302 938 1388 philosophiae
963 1301 1194 1371 adnumerare
1217 1308 1342 1390 possis

138 1437 247 1500 1111001
280 1416 481 1482 historiae‘.
538 1414 586 1481 Hi
621 1424 739 1482 tamen
773 1413 858 1482 libri
893 1421 1043 1484 aetatem
1074 1422 1232 1484 nostram
1264 1439 1344 1484 nou

139 1527 307 1594 tulerunt.
353 1547 356 1554 ·

245 1638 461 1725 Saepissime
484 1662 588 1726 porro
614 1641 708 1707 hanc
731 1640 882 1708 formam
912 1639 1078 1708 adhibuit
1101 1641 1141 1708 L.
1163 1643 1342 1711 Annaeus

138 1752 276 1822 Seneca
295 1756 396 1820 cuius
414 1753 456 1820 de
477 1752 630 1836 dialogis
647 1774 761 1840 nuper
778 1755 850 1836 egit
865 1751 1114 1823 Rossbachius
1139 1757 1177 1821 10
1201 1753 1341 1823 decimo

133 1869 291 1953 septimo
311 1866 464 1934 Hermae
488 1872 585 1934 10100
602 1888 635 1952 p.
654 1871 717 1934 365
733 1889 821 1954 sqq„
845 1874 879 1933 ct
901 1873 994 1934 recte
1017 1865 1161 1952 quidem
1185 1873 1226 1934 ut
1247 1868 1344 1936 mihi

140 1978 295 2049 videtur:
319 1983 495 2049 assentior
510 1983 586 2046 viro
605 1978 709 2048 docto
728 1979 822 2066 quod
845 1978 992 2046 titulum
1016 1977 1241 2061 dialogorum
1265 2002 1344 2049 non

139 2093 259 2161 00111111
295 2093 482 2161 duodecim
525 2091 599 2159 illis
639 2093 742 2160 libris
785 2091 847 2160 sod
887 2092 967 2159 aliis
1009 2113 1149 2178 quoque
1184 2091 1344 2161 Senecae

141 2209 283 2293 seriptis
323 2204 592 2274 attribuendum
635 2227 712 2273 esse
755 2213 882 2272 censet.
940 2205 1072 2275 Forma
1112 2204 1343 2289 dialogorum

138 2322 216 2386 cius
247 2342 319 2387 non
352 2340 518 2404 magnam
550 2319 660 2387 habet
691 2317 963 2388 similitudinem
986 2339 1068 2386 cum
1093 2317 1343 2399 Ciceroniana,

139 2431 331 2500 adversarii
365 2430 486 2516 ἀόριπα
510 2430 649 2516 πρόςωπα
681 2439 775 2511 0001,
807 2454 993 2519 nunquam
1023 2432 1093 2500 fere
1124 2433 1344 2500 nominatim

141 2543 359 2613 inducuntur
392 2552 537 2631 excepto
570 2543 713 2628 dialogo
745 2545 790 2613 ad
814 2544 986 2614 Serenum
1010 2544 1053 2613 de
1076 2543 1343 2631 tranquillitate

138 2660 251 2724 animi
283 2660 391 2727 misso
425 2659 489 2726 ubi
515 2657 648 2725 Seneca
676 2658 831 2741 longiori
860 2661 935 2726 eius
961 2661 1114 2727 orationi
1135 2655 1340 2744 respondet.

143 2770 357 2855 Plerumque
381 2769 583 2838 Stoicorum
608 2778 647 2838 01
670 2769 848 2839 doctrinas
872 2775 923 2839 ita
946 2771 1171 2856 dialogorum
1200 2792 1342 2840 morem

136 2885 301 2968 sequitur
332 2881 555 2951 adversarios
579 2884 698 2952 verbis
734 2886 905 2969 „inquis‘'·‚
940 2887 1108 2971 ‚,inquit“;
1135 2882 1341 2961 ,111001011-

135 2998 239 3081 0010ιι
267 2995 449 3063 inducens.

243 3107 350 3175 Haud
384 3112 434 3176 ita
468 3107 582 3176 multo
617 3117 701 3195 post
736 3107 907 3177 Senecam
938 3108 1082 3177 Tacitus
1115 3107 1344 3196 praeclarum

141 3220 246 3290 illum
271 3220 456 3306 dialogum
474 3220 785 3300 ,,11οΟ1·010111100“
810 3225 871 3308 qui
894 3223 1100 3290 inscribitur
1123 3225 1339 3308 composuit.

140 3333 349 3402 Aristotelio
374 3356 471 3402 more
496 3356 516 3401 a
539 3337 720 3420 prooemio
745 3357 893 3403 exorsus
924 3357 994 3422 quo
1026 3333 1218 3404 consilium
1249 3339 1341 3403 scri·

139 3444 249 3514 bendi
285 3449 431 3533 exponit
466 3455 606 3515 enarrat
641 3469 840 3516 sermonem
881 3451 973 3517 inter
1006 3449 1341 3534 praestantissimos

138 3560 217 3626 eius
241 3564 411 3647 temporis
435 3564 530 3630 viros
562 3562 728 3629 habiturn
759 3581 864 3646 quem
892 3583 930 3628 se
954 3559 1148 3630 admodum
1171 3561 1343 3633 iuvenem

143 3671 287 3739 audisse
310 3671 422 3757 fingit.
469 3674 593 3760 Neque
617 3676 712 3741 enim
736 3675 780 3741 iis
805 3677 981 3744 assentior
1005 3677 1170 3760 quicum
1194 3695 1231 3741 re
1253 3695 1345 3742 vera

140 3783 305 3853 habitum
340 3809 418 3854 0000
451 3792 588 3873 putant.
648 3785 727 3855 Sibi
765 3790 836 3873 ipsi
873 3789 994 3857 nullas
1038 3786 1179 3855 dicendi
1218 3795 1342 3874 partes

141 3899 276 3977 tribuit,
312 3898 555 3985 colloquentes
599 3899 684 3967 facit
718 3898 918 3967 Curiatium
951 3899 1153 3968 Maternum
1193 3907 1342 3986 poetam

132 4031 220 4077 cum
250 4010 371 4079 Marco
396 4013 494 4099 Apro
527 4018 561 4080 et
588 4011 682 4081 Iulio
708 4011 871 4080 Secundo
904 4014 1116 4091 oratoribus,
1155 4015 1340 4097 magistris

143 4125 219 4191 suis
244 4145 334 4209 quos
366 4125 530 4193 similiter
563 4133 669 4212 atque
694 4125 815 4194 Cicero
848 4128 885 4192 in
917 4123 1062 4209 dialogo
1087 4125 1152 4205 „de
1176 4129 1337 4194 oratore*

141 4237 342 4305 Antonium
359 4246 393 4306 et
410 4235 581 4306 Crassum
603 4247 845 4325 praeceptores
870 4239 1021 4306 summis
1045 4236 1215 4306 laudibus
1239 4236 1342 4333 effert
