2798 4680
10 286 225 353 ’42-4

109 515 205 563 more
230 493 272 560 de
297 494 464 561 omnibus
488 494 594 561 rebus
620 495 656 560 in
681 499 868 577 utramque
891 497 1028 579 partem
1051 493 1167 575 possit
1192 489 1312 558 dicere

100 616 143 676 et
166 609 203 674 iu
227 608 325 674 omni
345 627 454 674 causa
473 604 563 672 duas
583 607 777 673 corrtrarias
799 607 976 671 orationes
992 606 1189 690 praeceptis
1207 601 1312 670 illius

100 723 261 803 cognitis
285 718 462 804 explicare
486 772 492 785 .
520 773 525 784 .
551 772 556 784 .
585 721 614 784 is
639 721 686 786 sit.
714 740 831 794 verus,
862 721 892 784 is
923 716 1110 802 perfectus,
1144 719 1173 782 is
1206 714 1312 783 solus

100 836 255 902 ·o1·ator.“
1072 848 1075 852 ’
1305 911 1309 916 ,

211 947 345 1013 lterum
364 945 460 1012 hunc
479 944 600 1012 locum
621 942 737 1019 attuli,
756 942 852 1029 quod
872 945 1012 1010 tertiam
1030 949 1064 1009 et
1076 944 1312 1028 praeeipuam

98 1081 253 1127 causam
273 1060 362 1127 mihi
384 1057 538 1125 indicare
556 1055 697 1124 videtur
718 1077 807 1142 quae
823 1055 985 1124 Ciceroni
1002 1054 1153 1122 formam
1170 1052 1313 1137 dialogi

100 1171 391 1240 commendabat.
438 1170 535 1237 Haec
560 1172 715 1237 enimin
740 1174 927 1254 utramque
950 1173 1088 1255 partem
1105 1166 1310 1254 disputatio

102 1306 181 1371 qua
226 1283 349 1351 eadem
403 1304 493 1369 quae
542 1290 648 1350 antea
699 1283 963 1349 accuratissime
1013 1279 1314 1349 artificiosissime

37 1454 41 1460 .
104 1398 320 1484 politissima
351 1403 572 1463 exstruxerat
600 1402 681 1480 post
713 1394 826 1463 multo
859 1416 940 1461 curn
969 1397 1102 1462 maiore
1131 1394 1190 1461 vel
1219 1397 1311 1461 artis

106 1514 357 1579 (exercitatione
387 1510 446 1577 rel
476 1508 599 1577 iudicii
627 1507 827 1577 subtilitate
861 1506 1097 1583 convellebat,
1136 1511 1314 1576 oratori

98 1623 268 1690 (toroni
295 1621 401 1690 valde
434 1620 578 1708 placuit.
633 1622 723 1689 Cum
755 1620 917 1703 dialogos
949 1620 1197 1706 componebat,
1230 1620 1311 1688 elo-

100 1739 273 1820 quentiae
292 1734 412 1802 studio
431 1733 650 1818 indulgebat.
686 1734 754 1801 Per
774 1740 887 1800 totam
901 1736 1012 1801 vitam
1034 1736 1066 1799 ei
1077 1736 1312 1820 propositum

97 1855 189 1926 erat,
209 1856 250 1915 ut
261 1848 413 1932 gloriam
429 1848 571 1934 perfecti
587 1851 735 1914 oratoris
749 1848 820 1914 sibi
831 1853 980 1932 pararet,
1001 1845 1047 1913 ad
1060 1844 1311 1932 eloquentiam

103 1960 321 2028 laudandam
348 1959 613 2046 amplissimum
638 1981 759 2027 eorum
784 1961 845 2043 qui
869 1960 974 2027 nobis
1000 1962 1202 2028 conservati
1219 1968 1312 2028 sunt

96 2073 329 2157 ·‹lialogoi·um
360 2072 520 2150 confecit,
556 2071 760 2157 eloquentie
790 2094 833 2139 ex
863 2074 939 2138 eius
973 2075 1150 2139 sententia
1180 2073 1309 2158 philo-

103 2187 268 2272 sophiam
293 2187 513 2259 centinebat;
539 2188 707 2252 nimirum
732 2183 890 2253 inlibris
912 2183 1109 2251 scribendis
1129 2206 1170 2251 ea
1190 2185 1311 2254 forma

102 2300 269 2367 utebatur
290 2319 380 2382 quac
398 2301 583 2381 ingenium
602 2304 636 2365 et
654 2297 842 2364 delectaret
860 2305 894 2365 et
913 2306 1095 2366 exerceret.
1133 2296 1185 2392 Cf.
1200 2296 1309 2367 Tusc.

102 2413 137 2479 ll
161 2418 197 2478 9:
233 2415 353 2495 itaque
384 2432 522 2496 semper
552 2410 642 2478 mihi
672 2409 989 2496 Peripateticorum
1013 2409 1309 2498 Academiaeque

93 2522 322 2591 consuetudo
341 2522 384 2590 de
402 2524 570 2592 omnibus
588 2523 693 2590 rebus
711 2525 748 2589 in
762 2526 956 2590 contrarias
968 2529 1087 2609 partes
1102 2510 1310 2593 disserendi

101 2660 175 2707 non
200 2636 244 2703 ob
269 2656 347 2703 eam
371 2656 515 2704 causam
541 2636 658 2702 solum
680 2635 826 2721 placuit,
847 2635 942 2722 quod
963 2636 1065 2704 aliter
1084 2659 1158 2705 non
1177 2646 1309 2723 posset

93 2749 187 2836 ‹quid
210 2752 247 2816 in
271 2769 412 2833 quaque
431 2771 467 2816 ro
488 2748 681 2815 verisimile
701 2754 795 2815 esset
813 2751 975 2827 inveniri,
1000 2747 1062 2816 sed
1083 2751 1191 2818 etiam
1206 2751 1308 2836 quod

92 2868 193 2930 esset
224 2882 264 2927 ea
296 2863 486 2927 maxima
519 2859 691 2927 dicendi
728 2864 997 2928 exercitatio
1032 2883 1102 2948 qua
1133 2865 1307 2952 princeps

99 2997 187 3042 usus
212 2981 265 3040 est
289 2971 551 3051 Aristoteles.¹)

201 3086 280 3152 lam·
301 3083 337 3152 id
363 3106 503 3170 quoque
528 3082 770 3166 intellegimus
795 3107 856 3151 rur
878 3086 998 3152 Cicero
1023 3085 1069 3153 ad
1091 3088 1307 3158 Aristotelis

98 3202 218 3288 potius
251 3221 358 3284 quarn
386 3197 549 3264 Platonis
581 3219 715 3265 morem
746 3219 823 3265 sese
855 3198 1097 3284 applicaverit.
1146 3199 1308 3288 Saepius

92 3334 221 3381 eorum
239 3333 276 3378 se
296 3309 408 3379 libros
429 3309 614 3392 neglegere
632 3312 761 3377 fatetur
782 3313 975 3396 quinoque
996 3310 1164 3380 distincta
1185 3336 1311 3402 nequo

93 3425 288 3494 distribute
312 3444 426 3507 neque
451 3420 630 3504 eleganter
653 3444 767 3507 neque
800 3430 921 3490 ornate
954 3426 1106 3492 scribere
1138 3432 1311 3511 possint;

98 3539 296 3606 ubertatem
321 3534 498 3602 desiderat
521 3543 555 3601 et
584 3538 722 3619 copiam
752 3539 1011 3603 sententiarum
1043 3545 1078 3603 et
1105 3541 1318 3611 verborum

92 3672 188 3736 quae
219 3649 384 3716 lectorem
419 3646 580 3712 alliciant
613 3655 717 3731 atque
749 3647 932 3714 delectent.
986 3651 1149 3736 Apparet
1179 3662 1320 3724 autem

99 3760 261 3830 Platonis
274 3779 408 3825 morem
421 3761 458 3824 in
472 3757 627 3839 singulis
645 3759 836 3826 insistendi
848 3760 1100 3847 longioresque
1115 3769 1319 3836 orationes

98 3872 286 3960 respuendi
311 3869 418 3957 plane
442 3891 463 3935 a
487 3868 666 3935 Ciceronis
691 3869 821 3938 studiis
854 3877 1017 3941 oratoriis
1052 3876 1321 3949 abhorruisse.

92 3986 322 4071 Quamquam
348 3985 455 4065 igitur
478 3978 669 4046 Platonem
693 4004 918 4069 summopere
940 3986 1066 4054 laudat
1090 3995 1125 4056 et
1149 3997 1327 4077 saepius

202 4229 223 4296 ¹)
243 4225 287 4282 ef.
307 4223 393 4281 etiam
415 4221 451 4276 dc
472 4221 531 4276 lato
550 4221 565 4286 ξ
584 4224 607 4274 3.
