2798 4680
212 1685 366 1806 Dialogi
389 1727 507 1790 ortum
530 1727 572 1788 ut
594 1718 849 1806 intellegamus
880 1720 1073 1808 repetenda
1101 1723 1207 1792 nobis
1239 1701 1295 1791 est

94 1837 266 1903 memoria
296 1832 442 1902 illorum
471 1841 674 1921 temporum
704 1854 786 1902 cum
815 1834 999 1921 sophistae
1032 1837 1094 1920 qui
1125 1833 1294 1903 dicuntur

93 1969 227 2031 magna
245 1967 326 2016 cum
344 1945 460 2032 gloria
477 1946 634 2015 Athenis
659 1949 897 2017 versabantur
917 1949 1148 2033 omniumque
1166 1947 1292 2037 oculos

94 2065 132 2128 in
161 2082 199 2128 se
228 2061 494 2129 convertebant.
556 2059 709 2127 Summa
737 2063 832 2128 enim
863 2059 1062 2128 disserendi
1093 2067 1128 2128 et
1151 2059 1293 2129 dicendi

95 2180 171 2240 arte
216 2173 368 2259 praediti
413 2171 568 2241 fallaciis
614 2179 650 2241 et
694 2170 1001 2241 conclusiunculis
1052 2174 1292 2259 omnibusque

97 2289 267 2354 orationis
303 2284 481 2354 illecebris
515 2288 763 2372 imperitorum
796 2293 936 2354 mentes
976 2306 1125 2372 prorsus
1166 2288 1291 2356 turba-

94 2405 225 2466 verunt
248 2406 282 2466 et
305 2398 441 2468 famoso
466 2397 529 2465 illo
553 2395 670 2461 πάντων
693 2397 796 2482 μέτρον
819 2392 974 2482 ἄνθρωπος
997 2400 1075 2466 nixi
1099 2401 1221 2467 omnia
1242 2401 1293 2488 rei

94 2510 261 2597 publicae
291 2509 527 2580 fundamenta
557 2508 808 2578 convellerunt
838 2530 878 2578 ac
911 2531 1025 2597 paene
1056 2510 1291 2579 sustulerunt.

94 2623 161 2690 His
191 2647 228 2692 se
258 2627 428 2711 opposuit
450 2623 627 2702 Socrates
658 2625 735 2690 sine
764 2622 874 2693 dubio
904 2627 1070 2711 princeps
1101 2630 1180 2692 tum
1204 2625 1291 2696 sub.-

94 2737 225 2805 tilitate
260 2736 481 2824 disputandi,
515 2757 631 2822 neque
665 2734 752 2804 ullis
786 2735 963 2805 molestiis
999 2744 1062 2805 aut
1091 2739 1292 2804 inimicitiis

96 2849 283 2917 deterritus
319 2858 383 2928 est,
419 2852 506 2936 quin
541 2871 582 2918 ea
615 2852 676 2918 via
710 2871 781 2936 qua
815 2847 894 2918 sola
926 2848 971 2916 ad
1004 2848 1292 2941 cognoscendum

94 2984 218 3030 verum
249 2965 426 3049 perveniri
454 2984 561 3049 posse
590 2963 745 3049 putabat
775 2962 911 3030 sortiter
945 2961 1123 3030 incederet
1156 2965 1293 3048 artique

96 3073 302 3142 dialecticae
327 3097 470 3162 operam
493 3082 649 3145 navaret.
684 3075 779 3144 Nam
802 3097 884 3143 oum
906 3095 1119 3162 persuasum
1143 3078 1176 3142 ei
1199 3081 1295 3167 esset

94 3185 188 3254 nihil
203 3192 318 3272 magis
341 3210 431 3275 opus
456 3210 545 3268 esse,
569 3210 677 3274 quam
700 3190 789 3255 scire
813 3185 899 3272 quid
924 3207 1084 3272 quaeque
1107 3208 1162 3255 res
1187 3194 1294 3267 esset,

95 3319 247 3385 cumque
262 3303 432 3369 virtutem
456 3305 573 3388 ipsam
589 3303 777 3368 scientiam
792 3321 870 3367 esse
885 3305 1039 3386 putaret,
1062 3301 1156 3369 hanc
1172 3301 1305 3370 autem'

95 3416 281 3480 scientiam
305 3411 408 3480 nulla
430 3435 467 3480 re
489 3416 606 3496 magis
630 3410 723 3482 effici
745 3433 863 3498 posse,
893 3433 1000 3498 quam
1024 3433 1106 3482 oum
1129 3435 1167 3480 se
1191 3416 1290 3499 quis-

96 3547 163 3611 que
195 3536 258 3592 aut
286 3533 420 3593 ceteros
452 3524 663 3612 exploraret,
694 3545 944 3611 quamcunque
967 3542 1048 3592 oum
1072 3525 1153 3593 aliis
1177 3524 1291 3595 collo-

96 3637 228 3723 quendi
275 3642 498 3707 occasionem
544 3638 810 3707 studiosissime
862 3639 1056 3724 arripiebat
1100 3659 1293 3725 eorumque

95 3755 234 3819 animos
270 3753 471 3837 temptabat
503 3755 565 3837 qui
596 3749 734 3836 aliquid
769 3753 857 3818 scire
885 3750 1110 3820 videbantur.
1166 3750 1293 3837 Neque

94 3872 213 3932 tamen
238 3868 289 3931 ita
313 3863 499 3932 dialectica
522 3871 596 3931 arte
619 3885 708 3931 usus
733 3869 789 3931 est
811 3870 852 3931 ut
879 3863 1063 3951 sophistae
1095 3867 1156 3950 qui
1186 3864 1292 3933 abusi

94 3998 135 4044 ea
165 3984 265 4044 erant
293 3975 338 4043 ad
370 3998 512 4045 omnem
540 3979 729 4044 scientiam
757 3975 1047 4056 subvertendam,
1078 3975 1141 4044 sed
1172 3979 1223 4045 ita
1250 3984 1294 4044 ut

96 4091 223 4167 „robus
247 4112 321 4159 non
346 4088 466 4158 dubiis
490 4094 717 4159 assensiones
747 4091 824 4157 eius
849 4091 994 4174 quicum
1018 4087 1293 4175 colloquebatur
1318 4111 1321 4117 ·

93 4209 268 4287 captaret:
302 4204 433 4287 quibus
458 4205 730 4273 assensionibus
754 4199 880 4280 effecit,
904 4209 944 4269 ut
966 4201 1022 4269 illi
1046 4201 1157 4270 dubia
1181 4223 1290 4288 quae-
