2798 4680
96 543 222 590 eorum
244 518 322 598 sert,
344 520 515 607 permulti
538 541 728 589 sermones
742 520 845 590 nullo
869 505 945 588 lere
963 530 1105 589 conexu
1132 525 1226 590 inter
1257 544 1303 591 se

97 635 281 703 coniuncti
315 632 482 720 deinceps
517 641 734 714 enarrentur,
769 637 807 702 in
846 635 979 720 quibus
1022 633 1113 703 aliae
1155 645 1303 726 semper

94 767 271 833 personae
293 767 376 814 eum
392 744 536 814 Socrate
560 744 603 813 de
620 745 874 815 diversissimis
892 748 1164 833 quaestionibus
1181 746 1300 818 collo-

96 867 249 946 quentes
282 857 471 946 prodeunt,
505 858 565 927 hic
598 881 712 927 unum
745 861 923 930 habemus
953 867 1202 944 argumentum
1232 863 1303 946 per

93 979 214 1041 totum
238 970 422 1056 dialogum
444 978 636 1040 tractatum
659 972 756 1058 quod
784 972 930 1058 quidem
957 971 1134 1041 eiusmodi
1154 980 1226 1052 est,
1254 980 1304 1041 ut:

96 1107 119 1153 a
143 1084 287 1153 Socrate
309 1083 417 1171 plane
441 1085 638 1154 abhorreat.
1275 1090 1278 1096 '

199 1197 274 1265 Nec
298 1196 417 1265 solum
441 1206 702 1282 argumentum,
725 1194 789 1264 sed
812 1195 954 1266 dicendi
985 1219 1126 1284 quoquc
1154 1194 1243 1266 ra'tio
1273 1218 1302 1265 a

98 1307 257 1378 Socratis
280 1332 378 1378 more
399 1310 544 1389 recedit;
568 1312 745 1396 inquirere
760 1309 823 1377 illc
838 1316 1083 1391 consueverat,
1100 1310 1186 1397 quid
1202 1309 1296 1379 illud
1382 1391 1383 1394 Ἴ

98 1429 194 1490 esset
216 1421 260 1490 de
284 1440 354 1509 quo
379 1421 604 1509 disputarent
627 1430 661 1490 et
682 1420 767 1490 inde
791 1421 957 1507 colligere
979 1422 1065 1509 quid
1092 1427 1130 1491 in
1155 1439 1302 1509 quaque·

92 1555 133 1602 re
167 1533 371 1603 laciendum
405 1543 513 1614 esset,
548 1533 728 1622 Xenopho
763 1557 836 1604 non
869 1535 1045 1622 disputat,
1080 1535 1142 1603 sed
1175 1535 1302 1615 dooet;.
1379 1518 1382 1525 ¹

94 1650 223 1716 retinet
257 1647 402 1733 quidem
436 1647 681 1732 interrogandi
715 1653 750 1714 et
783 1648 1024 1735 respondendi
1050 1670 1195 1728 morem,
1231 1648 1301 1718 sed.

94 1763 148 1828 ita
182 1766 223 1828 ut
256 1763 375 1831 inanis
409 1759 517 1846 plane
550 1758 621 1828 fiat.
673 1760 952 1842 Catechcticam‚
995 1768 1035 1829 ut
1075 1765 1127 1829 ita
1167 1761 1301 1840 dicamy

95 1872 250 1943 formam
274 1870 409 1957 dialogi
431 1875 570 1941 invenit
593 1895 701 1958 quam
723 1878 858 1959 posteri
882 1877 1025 1961 saepius
1049 1877 1181 1942 imitati
1197 1883 1298 1942 sunt..

201 1986 249 2053 Et
282 1984 406 2054 eodem
441 1985 626 2054 erudiendi
661 1985 811 2054 consilio
847 1986 1015 2055 nonnulli
1049 1986 1299 2066 (Plutarchus.

94 2097 320 2181 Macrobius)
345 2097 416 2166 alio
442 2119 583 2184 quoque
611 2098 747 2183 dialogi
773 2120 901 2183 genere
929 2102 987 2167 usi
1017 2109 1103 2167 sunt
1133 2102 1234 2168 cuius
1259 2105 1302 2168 et¹

95 2214 215 2298 ipsius
239 2217 362 2281 auctor
390 2219 445 2279 est
465 2211 662 2298 Xenoph03
691 2233 905 2298 persuasum
934 2215 1029 2281 enim
1060 2214 1150 2281 mihi
1177 2208 1300 2283 habeo

94 2325 250 2410 priorem
282 2322 387 2391 illum
419 2324 577 2407 συμπόσιον
605 2328 791 2411 scripsisse
821 2346 886 2393 nec
913 2325 1014 2393 locus
1045 2324 1107 2393 ille
1137 2328 1295 2395 multum

94 2435 265 2530 laudatus
298 2435 401 2518 (VIII
424 2439 482 2520 32)
514 2440 578 2508 ubi
604 2437 769 2506 Platonis
800 2437 934 2507 librum
966 2445 1111 2521 tangere
1141 2439 1299 2520 uidetur*

95 2569 178 2615 cum
201 2548 269 2616 hac
292 2553 470 2618 sententia
497 2572 571 2620 non
602 2553 772 2635 congruit.
783 2550 809 2633 1)
855 2549 933 2617 Hoc
965 2553 1002 2617 in
1034 2549 1177 2635 dialogo
1208 2574 1292 2638 pro-

94 2682 240 2745 gressus
278 2670 333 2729 cst
366 2663 545 2750 Xenopho
582 2661 628 2729 ad
663 2665 884 2733 notationem
911 2684 1145 2749 personarum
1179 2672 1213 2732 et
1248 2664 1293 2733 ad

96 2782 218 2842 artem·
243 2775 424 2860 quandam
467 2778 749 2862 compositionis
790 2774 833 2842 de
872 2796 943 2861 qua
984 2775 1143 2843 conferas
1184 2776 1300 2846 velim,

95 2885 295 2971 Rettigium
324 2887 457 2958 Philol.
484 2893 634 2968 31269,
664 2891 726 2974 qui
754 2896 875 2956 tamen
905 2891 1013 2956 nimis
1047 2906 1124 2956 eam
1156 2888 1292 2959 laudat.

96 2998 182 3086 Ipsa
204 3003 299 3068 enim
323 3010 451 3069 natura
473 3003 673 3085 argumenti
688 3002 897 3068 uarietatem
919 3000 1100 3086 quandam
1116 3009 1150 3070 et
1166 3003 1293 3071 alacri-

96 3120 207 3180 tatem
230 3112 315 3180 tulit
337 3112 562 3199 multumque
582 3112 862 3200 Xenophontem
884 3116 922 3181 in
946 3135 1050 3200 opere
1074 3114 1300 3186 conficiendo

96 3223 244 3293 adiuvit.
291 3224 424 3294 Tamen
448 3230 573 3313 quanti
597 3227 701 3296 fuerit
723 3229 895 3296 momenti
922 3227 981 3293 hic
1012 3226 1188 3312 dialogus
1219 3252 1293 3300 non

96 3340 187 3404 satis
224 3338 294 3406 dici
327 3348 461 3425 potest;
501 3340 745 3424 intellegimus
781 3342 875 3407 enim
910 3361 954 3406 ex
989 3361 1029 3407 co
1065 3340 1159 3410 unde
1195 3344 1297 3412 com--

95 3454 287 3536 positionis
315 3451 449 3521 formae
478 3474 567 3539 quas
591 3460 814 3540 posterorum
839 3450 973 3535 dialogi
999 3456 1172 3539 praebent
1195 3466 1298 3525 ortae·

96 3565 178 3630 sint.
212 3562 289 3632 Hoc
306 3572 346 3632 ut
361 3563 491 3632 clarius
508 3565 581 3647 fiat,
599 3563 880 3652 contemplemur
895 3565 1059 3634 Platonis
1076 3571 1297 3636 convivium*

95 3675 295 3744 Maximam
319 3676 454 3761 dialogi
480 3685 619 3764 partem
648 3681 825 3746 orationes
850 3685 1026 3764 occupant
1055 3699 1144 3764 quas
1169 3683 1294 3748 convi-

95 3796 222 3856 vantes
248 3787 414 3876 deinceps
440 3789 482 3857 de
507 3810 624 3858 amore
647 3775 848 3877 proferunt;
872 3813 916 3858 en
932 3790 1044 3859 habes
1062 3792 1297 3860 consuetudi-

95 3922 179 3968 nem
208 3899 388 3987 quandam
420 3906 577 3971 convivii
606 3925 677 3989 qua
704 3902 883 3988 Xenopho
914 3923 1056 3988 quoque
1094 3925 1182 3971 usus
1219 3915 1294 3974 erat

93 4253 126 4310 Π
145 4257 161 4309 2
201 4144 524 4239 ¹)'HugP1atsymp
543 4171 636 4239 praef.
656 4189 684 4239 p.
695 4169 787 4228 XXII
807 4169 1092 4228 Teichmueller
1111 4170 1182 4228 litt.
1199 4172 1298 4229 Fchd.

162 4258 205 4311 81.
