2798 4680
93 286 117 349 8

73 532 76 544 ·
90 496 274 574 quatenus
286 510 412 558 verum
427 491 484 570 sit,
500 511 575 558 non
591 491 663 558 iam
678 511 874 576 possumus
891 492 1103 574 examinare.
1139 487 1196 559 Ob
1208 509 1302 558 ean-

97 600 179 670 dem
204 609 324 670 autem
347 618 493 671 causam
516 623 561 670 ne
584 610 727 689 tempus
752 601 896 688 quidem
927 605 1126 671 accuratius
1156 600 1302 671 definiri

97 722 216 805 potest
239 736 310 801 quo
333 715 403 784 hoc
426 713 606 785 scribendi
635 735 752 800 genus
783 717 823 781 in
849 712 986 782 litteras
1018 714 1206 783 inductum
1236 717 1306 794 sit,

100 830 323 898 omittamus¹
339 831 450 912 igitur
482 831 704 901 coniecturas
744 848 833 914 quas
862 830 931 895 riri
964 827 1060 897 docti
1090 828 1158 897 hac
1187 827 1231 896 de
1261 848 1315 894 re

98 937 278 1025 protulere
312 948 348 1013 et
380 940 426 1009 ad
459 944 559 1028 ipsos
595 940 822 1024 dialogorum
856 943 1044 1026 scriptores
1072 948 1307 1009 transeamus

100 1073 253 1140 quorum
275 1051 361 1121 libri
382 1053 489 1124 nobis
514 1061 600 1122 sunt
622 1055 763 1122 servati.

204 1165 252 1233 Et
273 1168 430 1253 primum
454 1165 599 1252 quidem
623 1164 666 1233 de
677 1164 921 1253 Xenophonte
945 1185 1093 1250 agamus
1119 1168 1191 1252 qui,
1215 1186 1305 1234 cunr

102 1277 260 1356 Socratis
297 1278 446 1348 vivendi
490 1282 664 1350 rationem
710 1277 980 1348 describendam
1024 1278 1095 1346 sibi
1132 1285 1307 1355 sumeret.

102 1393 312 1478 aptissimus
340 1390 481 1461 videtur
512 1413 602 1472 esse,
634 1413 656 1459 a
685 1413 755 1478 quo
785 1391 972 1460 exordium
1004 1390 1186 1459 faciamus.
1240 1389 1309 1459 Ad.

103 1502 486 1595 memoriamSocratis
511 1503 770 1574 defendendam
791 1512 826 1572 et
842 1501 1039 1573 ornandam
1050 1501 1313 1572 Memorabilia

99 1616 213 1684 edidit
248 1637 339 1703 quae
373 1625 449 1687 tota
481 1617 551 1686 fere
578 1621 617 1686 in
646 1622 848 1687 narratione
880 1638 1085 1685 sermonum
1112 1622 1309 1684 versantur

103 1751 192 1816 quos
210 1726 376 1802 Socrates
399 1751 481 1798 cum
504 1729 585 1800 aliis
610 1731 654 1800 de
676 1733 786 1799 variis
804 1730 1076 1817 quaestionibus
1097 1731 1310 1797 instituisse

72 1858 74 1865 ’
103 1841 241 1910 dicitur.
298 1841 494 1930 Plerosque
528 1847 623 1913 enim
657 1842 759 1913 fictos
795 1864 873 1912 esse
912 1845 1000 1910 satis
1038 1845 1110 1910 iam
1149 1849 1324 1922 constat,

104 1962 224 2023 tamen
244 1953 438 2042 Xenopho,
463 1955 640 2042 siquidem
662 1958 827 2040 magistri
853 1953 1001 2023 vivendi
1022 1957 1197 2022 rationem
1220 1976 1313 2022 vere·

104 2068 347 2155 descripturus
372 2076 456 2150 erat,
485 2067 598 2138 facere
620 2091 695 2138 non
717 2072 846 2155 potuit,
871 2071 958 2155 quin
982 2065 1192 2154 disputandi
1215 2087 1312 2134 con-

59 2237 62 2241 .
104 2179 332 2250 suetudinem
365 2184 521 2251 maxime
556 2185 589 2249 ei
626 2185 809 2269 propriam
844 2184 1051 2249 imitaretur.
1111 2179 1313 2249 Sermones-

104 2295 223 2378 igitur,
259 2295 430 2380 quoniam
461 2297 633 2363 memoria
664 2317 738 2362 non
768 2294 921 2374 tenebat,
953 2295 1024 2362 sibi
1054 2292 1170 2372 finxit,
1202 2300 1237 2360 et
1265 2301 1316 2362 ut

104 2405 214 2484 fidem
262 2409 307 2474 iis
361 2405 521 2486 adderet,
567 2411 605 2476 in
647 2410 750 2477 initio
795 2398 910 2494 operis
960 2428 998 2474 se
1051 2409 1172 2493 ipsum
1221 2427 1315 2474 cum.

108 2517 252 2591 Socrate
276 2517 541 2605 colloquentem
563 2520 646 2588 fecit
669 2528 703 2589 et
724 2527 851 2606 postea
880 2522 1010 2588 iterum
1040 2527 1145 2605 atque
1175 2521 1313 2587 iterum

107 2632 333 2701 sermonibus
357 2620 395 2700 se
410 2633 615 2702 interfuisse
631 2631 831 2703 affirmavit.
871 2633 928 2700 En
948 2631 1136 2709 habemus
1159 2638 1199 2698 ut
1214 2633 1315 2699 milri

71 2794 75 2801 .
105 2743 258 2825 videtur,
275 2743 582 2834 simplicissimam
598 2743 733 2830 dialogi
749 2745 900 2814 formam
918 2765 1008 2830 quae
1023 2766 1097 2812 non
1110 2743 1312 2813 admodum

107 2877 129 2924 a
151 2856 307 2929 ἰναλέεεων
328 2879 456 2941 genere
479 2857 622 2926 diversa
644 2866 706 2926 est.
803 2886 804 2895 ¹

148 2958 150 2963 ¹
210 2970 364 3040 Prorsus
376 2970 445 3040 fere'
456 2969 556 3038 deest
565 2967 602 3054 „q
613 2970 764 3054 πρέπουσα
776 2967 918 3054 ἠθοποιία
928 2975 982 3033 τῶν
994 2968 1316 3054 παραλαμβανομένων

107 3083 304 3168 προσώπων“;
333 3083 403 3153 duo
433 3090 575 3152 tantum
604 3082 873 3152 interlocutores
905 3083 1125 3152 inducuntur
1153 3104 1318 3181 quorum

107 3204 226 3284 partes
249 3197 357 3283 plane
380 3200 534 3283 impares
559 3204 660 3265 sunt:
691 3196 780 3265 alter
809 3199 1050 3284 principatum
1077 3201 1186 3273 tenet,
1217 3193 1318 3264 alter

110 3308 264 3378 affirmat
288 3316 350 3377 aut
372 3318 487 3395 negat.
522 3309 592 3378 Sed
616 3314 688 3378 iam
711 3310 887 3378 habemus
912 3307 1066 3377 fictionis
1087 3329 1221 3375 morem
1247 3312 1317 3394 qui

110 3426 214 3508 quasi
240 3420 423 3506 legitimus
446 3422 580 3491 deindo
603 3423 717 3490 factus
743 3429 807 3502 est,
834 3422 1011 3490 habemus
1035 3420 1314 3505 diegematicum

112 3557 237 3618 genus
270 3555 340 3620 quo
372 3543 406 3604 et
433 3539 513 3622 ipso
544 3537 679 3623 posteri
708 3538 897 3622 praecipue
926 3538 985 3603 usi
1016 3541 1111 3614 sunt,
1141 3531 1317 3601 videmus

112 3656 289 3716 auctorem
317 3655 351 3716 et
381 3648 452 3715 sibi
482 3651 553 3735 ipsi
585 3647 726 3716 dicendi
756 3655 875 3735 partes
909 3648 1124 3716 tribuentem
1154 3652 1188 3712 et
1217 3645 1319 3714 alios

111 3760 349 3839 inducentem,
373 3768 409 3828 et
424 3759 593 3832 nonnulli
617 3782 806 3829 sermones
823 3760 901 3843 (16)
918 3759 977 3828 uel
999 3756 1207 3828 Aristotelei
1231 3756 1316 3826 dia-

110 3872 186 3956 logi
222 3870 397 3942 elementa
437 3875 609 3961 praebent
640 3875 704 3943 ubi
738 3872 984 3959 colloquentes
1023 3871 1190 3956 deinceps
1228 3891 1318 3956 per-

112 3993 221 4071 petua
245 3989 403 4056 oratione
426 3991 622 4055 sententias
647 4007 731 4055 suas
754 3985 946 4074 preerunt.

217 4104 353 4174 Maiore
383 4123 465 4169 cum
494 4107 568 4171 arte
599 4103 818 4188 compositus
847 4105 902 4168 est
934 4094 1123 4181 Οἰκονομικός
1158 4097 1220 4181 qui
1255 4098 1319 4165 in-

114 4219 281 4287 scribitur
304 4213 489 4298 dialogus;
513 4236 597 4282 nam
621 4235 701 4282 cum
726 4216 763 4280 in
787 4208 1096 4288 Memorabilibus
1120 4216 1160 4276 ut
1183 4215 1322 4277 natura
