2798 4680
130 289 174 352 40

38 519 69 551 .·
132 491 339 579 aequalium
372 491 528 578 aliquem
562 489 800 573 offenderet‚¹)
841 499 961 559 tamen
999 490 1092 557 hanc
1124 489 1337 559 blandiendi

133 608 375 674 occassionem
422 606 492 673 sibi
537 626 611 672 non
662 603 1012 689 praetermittendam
1057 624 1135 670 esse
1180 607 1341 689 putavit.

131 721 345 805 praesertim
369 739 451 786 cum
473 738 518 785 ne
543 715 665 786 odium
689 715 833 802 quidem
861 714 953 785 illud
982 716 1128 794 subiret,
1157 715 1339 801 siquidem

133 833 201 903 sub
228 831 347 899 aliena
365 852 520 917 persona
538 827 665 898 laudes
684 827 844 915 protulit.
882 829 1062 897 Ciceronis
1082 826 1219 912 dialogi
1236 828 1340 914 pleni

134 954 218 1014 sunt
244 942 421 1012 eiusmodi
445 941 632 1010 blanditiis
656 940 774 1028 neque'
796 964 887 1029 opus
918 950 972 1010 est
1003 940 1167 1028 exempla
1196 940 1348 1023 afferre3,

132 1057 201 1125 hoc
216 1079 329 1124 unum
341 1055 431 1124 mihi
443 1053 550 1124 liceat
562 1076 837 1124 commemorare
851 1054 1057 1123 Ciceronem
1068 1054 1136 1122 hac
1150 1057 1348 1124 occasione

136 1172 280 1257 saepius
304 1192 412 1237 usum
436 1190 513 1236 esse
546 1167 591 1236 ad
624 1188 709 1236 suas
742 1171 856 1254 ipsius
889 1166 1015 1235 laudes
1045 1167 1347 1253 pronuntiandas·

137 1285 178 1350 cf.
206 1282 248 1349 do
274 1282 405 1350 Orati
429 1286 520 1357 §aaz
545 1303 610 1365 ego
636 1285 730 1348 enim
755 1288 929 1366 quantum
954 1301 1109 1364 auguror
1132 1283 1345 1348 coniectura

135 1405 339 1483 quantaque
369 1397 515 1479 ingenia
543 1396 580 1460 in
609 1395 743 1462 nostris
773 1393 982 1462 hominibus
1014 1414 1092 1461 esse
1114 1391 1230 1472 video,
1263 1417 1343 1463 non

137 1509 285 1594 despero
309 1507 383 1577 fore
407 1505 561 1593 aliquem
588 1505 782 1592 aliquando
808 1510 869 1591 qui
891 1518 925 1573 et
940 1505 1060 1574 studio
1078 1509 1209 1574 acriore
1226 1529 1344 1592 quam·

135 1645 204 1690 nos
241 1643 366 1689 sumus
409 1628 515 1706 atquc
549 1619 684 1687 fuimus
727 1627 761 1687 et
796 1623 866 1688 otio
903 1629 936 1687 et
969 1618 1140 1687 facultate
1175 1618 1345 1689 discendi

133 1737 272 1804 maiore
297 1755 336 1800 ac
365 1736 555 1801 maturiore
584 1742 617 1800 et
647 1732 770 1802 labore
801 1740 906 1818 atque
936 1732 1113 1801 industria
1144 1735 1345 1818 superiore,

140 1869 220 1913 cum
245 1867 283 1913 se
312 1845 356 1913 ad
388 1844 605 1913 audiendum
636 1844 829 1929 legendum
861 1844 1159 1932 scribendumque
1190 1845 1350 1925 dederit,

136 1962 289 2029 exsistat
323 1959 407 2027 talis
443 1958 585 2044 qualem
628 1961 842 2043 quaerimus
884 1961 946 2044 qui
983 1961 1059 2026 iure
1102 1980 1175 2027 non
1217 1958 1344 2028 solum

138 2070 304 2150 disertus
329 2072 391 2139 sed
415 2074 522 2139 etiam
546 2070 717 2156 eloquens
748 2070 817 2139 diei
846 2074 979 2158 possit:
1015 2074 1076 2157 qui
1106 2079 1226 2138 tamen
1258 2094 1346 2140 mea

138 2187 315 2252 sententia
338 2192 400 2252 aut
423 2185 481 2252 hie
506 2187 654 2252 ostiam
679 2178 843 2263 Crassus
875 2194 937 2252 aut
961 2187 991 2253 si
1016 2187 1096 2270 quis
1123 2187 1201 2271 pari
1232 2184 1347 2254 fuerit

136 2301 280 2381 ingenio
316 2298 491 2384 pluraque
527 2318 634 2382 quam
669 2297 726 2363 hic
762 2304 797 2364 et
831 2296 983 2365 audierit
1024 2308 1056 2364 ot
1098 2295 1266 2365 lectitarit
1308 2307 1346 2371 et

140 2414 330 2496 scripserit,
354 2410 504 2497 paulum
528 2410 612 2477 huic
636 2408 774 2496 aliquid
797 2409 994 2492 adde1²e.“2)

242 2523 367 2609 Neque
390 2532 509 2591 tamen
533 2523 621 2591 haec
645 2544 755 2591 causa
778 2530 919 2591 tantum
942 2525 1116 2592 momenti
1146 2522 1268 2598 habet,
1301 2531 1349 2591 ut

130 2637 320 2715 ,Ciceronis
356 2635 548 2707 consilium
582 2639 620 2703 in
655 2635 809 2718 dialogis
850 2634 1106 2723 componendis
1147 2639 1234 2702 satis
1277 2657 1345 2703 ex—

136 2748 256 2835 plicet.
293 2749 420 2817 Altera
435 2748 570 2817 accedit
594 2769 779 2835 quaecum
804 2738 1087 2835 philosophandi
1104 2750 1180 2815 eius
1200 2751 1350 2817 ratione·

139 2862 314 2928 cohaeret.
373 2861 465 2929 Nam
501 2882 581 2928 curn
616 2881 828 2946 persuasum
859 2865 890 2928 ei
922 2869 1015 2928 esset
1041 2863 1221 2929 neminem
1244 2863 1344 2945 veri-

140 2983 250 3043 tatem
277 2977 467 3051 invenisse,
491 2976 571 3059 ipsa
595 2972 810 3041 Academiae
833 2982 1019 3060 praecepta
1043 2996 1124 3042 eum
1147 2980 1346 3044 vetuerunt

137 3087 441 3173 philosophorum
482 3088 677 3154 sententias
721 3109 898 3167 enarrare;
939 3109 1053 3174 neque
1096 3088 1191 3153 enim
1225 3084 1345 3153 facere

95 3215 97 3219 ’
138 3205 259 3286 potuit
294 3204 380 3286 quin
423 3199 604 3267 ‹irretrinas
640 3222 761 3269 eorum
801 3208 997 3269 recenseret
1039 3220 1212 3284 suamque
1253 3221 1344 3284 pro-

140 3317 330 3381 nuntiaret.
380 3314 510 3381 Contra
536 3312 671 3398 dialogi
698 3314 811 3383 fornia
839 3313 993 3398 singulis
1025 3312 1226 3399 disciplinis
1250 3334 1341 3382 con-

138 3424 290 3511 silioque
311 3425 491 3496 Ciceronis
517 3427 689 3494 satisfecit
715 3431 776 3512 qui
803 3431 871 3504 „rei
893 3425 1060 3512 publicae
1084 3445 1193 3492 eausa
1215 3424 1343 3511 philo—

139 3538 305 3624 sophiam
323 3543 398 3607 suis
416 3540 624 3608 hominibus
642 3538 889 3625 explicandam
905 3541 1059 3625 putavit,
1072 3541 1195 3620 magni
1211 3541 1340 3608 existi-

136 3663 203 3670 ..—

137 3711 255 3773 damm:
286 3709 483 3782 άξηλοτόπητον
512 3710 540 3766 id
568 3713 632 3768 fore
659 3719 804 3778 putaram.
834 3710 912 3778 qaut
939 3727 1043 3766 ornnes
1067 3709 1112 3766 illi
1138 3709 1344 3770 ‹recesseranc

139 3797 184 3853 Cf.
204 3797 294 3854 etiam
313 3797 390 3854 XlH
410 3802 442 3854 13
459 3805 490 3854 et
510 3803 549 3855 18.

243 3884 262 3952 ¹)
281 3884 319 3940 ad
349 3884 448 3956 Quint.
479 3886 601 3942 fratrem
619 3884 672 3954 Hi,
693 3889 744 3940 52
772 3901 825 3952 ogo
855 3890 955 3939 autern
984 3881 1014 3938 id
1041 3882 1140 3951 ipsum
1166 3890 1232 3938 trrrrr
1256 3901 1343 3942 eram

137 3976 259 4028 secutus
283 3989 321 4027 no
344 3971 376 4026 in
402 3977 503 4027 nostra
528 3977 661 4040 tempora
692 3972 849 4027 incurrens
875 3970 1057 4026 offenderem
1082 3969 1267 4038 quempiam;
1302 3972 1342 4028 ad

137 4058 200 4116 Att.
220 4057 282 4115 XII
302 4063 334 4113 12
353 4057 391 4114 ad
409 4057 549 4127 antiquos
568 4057 667 4123 igitur,
688 4055 847 4130 ἀνεμέσητον
866 4055 922 4130 γάρ.

242 4143 263 4207 ⁹)
283 4143 328 4202 Cf.
348 4145 438 4202 etiam
457 4145 540 4202 Brut.
561 4146 595 4211 ἐξ
616 4149 674 4213 150,
696 4150 753 4201 156.
776 4150 833 4201 rat.
856 4149 904 4200 16‘2
923 4150 988 4211 ete,
1014 4143 1050 4198 de
1075 4143 1125 4198 tin.
1146 4141 1190 4198 ill
1210 4147 1244 4200 40
1263 4159 1344 4214 sqq.

135 4228 165 4286 V
184 4236 217 4287 96
235 4230 320 4287 Plato
341 4230 444 4300 Symp.
466 4231 583 4288 Charin.
603 4237 658 4288 ote.
