2798 4680
1214 333 1254 396 13

50 533 159 602 libris
191 535 268 600 suis
297 524 405 600 fidem
436 539 664 620 compararet.
712 533 894 613 Quoniam
924 541 1043 601 autern
1067 533 1252 602 1111111111-

51 645 149 713 mile·
181 653 255 714 erat
293 666 415 713 omnes
451 666 533 713 eum
572 668 754 714 sermones
789 651 962 716 memoria*
995 652 1124 725 tenere,
1159 669 1252 716 non-

51 757 169 827 nullis
193 766 313 826 tamen
344 776 421 826 sese
450 758 654 827 interfuisse
682 758 884 826 affirmarit.
930 759 1054 845 Itaque
1082 783 1155 829 non
1183 763 1255 829 nisi

51 873 268 940 necessitate
293 869 449 957 quadam
471 878 615 938 coactus
640 893 677 938 se
701 874 821 958 ipsum
844 895 918 941 non
941 892 1080 958 semper
1100 872 1253 942 induxit.

54 982 164 1051 Plato
190 990 311 1053 autem
334 982 500 1068 dialogos
521 1005 607 1051 suos
630 982 738 1070 plane
768 983 813 1052 ad
844 982 1117 1053 similitudinem
1148 985 1253 1055 fabu-

52 1095 174 1162 larum
198 1097 440 1164 scaenicorum
462 1099 665 1183 composuit
689 1098 733 1165 ob
758 1117 906 1182 eamque
935 1117 1079 1164 causam
1103 1115 1254 1166 1111111-

54 1206 161 1276 randi
185 1207 327 1294 quidem
351 1214 471 1294 partes
495 1209 566 1278 sibi
589 1207 695 1277 dedit.
1176 1223 1179 1233 '

161 1321 282 1407 Atque
309 1320 377 1388 hac
405 1323 444 1388 in
472 1324 672 1390 imitatione
701 1320 906 1391 fabularum
935 1343 1078 1390 summa
1109 1324 1253 1391 omnino

54 1431 247 1501 diversitas
281 1435 374 1500 inter
396 1432 651 1520 Xenophontis
684 1441 719 1502 11
745 1433 910 1503 Platonis
943 1433 1105 1519 dialogos
1136 1438 1268 1522 posita

55 1553 120 1614 est.
179 1544 326 1632 Semper
364 1545 435 1614 iere
474 1554 567 1615 certo
601 1547 680 1617 loco
703 1548 821 1626 Plato
856 1569 1023 1615 scaenam
1057 1550 1264 1637 constituit,-

53 1679 291 1745 personarum
316 1679 404 1744 quas
428 1658 572 1727 induxit
590 1680 718 1739 mores,
741 1662 936 1743 ingenium,
960 1659 1106 1728 vivendi
1121 1667 1157 1728 et
1172 1681 1254 1728 sen-

54 1769 170 1838 tiendi
187 1774 362 1839 rationem
383 1792 490 1858 quam
510 1775 665 1840 maxime
685 1769 837 1839 advitae
849 1774 1036 1841 veritatem
1051 1770 1254 1859 descripsit,

54 1886 176 1969 ipsam
200 1882 483 1971 disputationem
506 1883 552 1953 ad
576 1884 755 1959 dramatis*
776 1883 980 1971 exemplum
1010 1883 1254 1965 conformavit,

56 1998 108 2063 ita
131 2003 172 2064 ut
195 1995 391 2077 exordium,
413 2018 637 2083 progressus,
662 2000 797 2065 exitum
820 1989 978 2076 haberet,
1010 1999 1131 2064 omnia
1154 1996 1254 2066 deni-

53 2128 126 2192 que
149 2110 215 2175 uni
238 2106 373 2193 dialogi
389 2108 541 2179 consilio
559 2107 841 2177 accommodavit
863 2131 978 2196 neque
1003 2108 1192 2189 dubitavit,
1215 2119 1256 2179 ut

57 2218 228 2288 dramatis
252 2219 427 2291 unitatem
451 2218 541 2308 quae
565 2221 694 2291 dicitur
716 2224 890 2300 retineret,
912 2243 1085 2308 personas
1104 2244 1193 2291 suas
1217 2227 1256 2292 in
1289 2251 1290 2258 ¹

53 2333 259 2419 Republica
288 2341 322 2402 et
344 2335 504 2419 Legibus
534 2333 748 2421 perdecem
775 2335 882 2402 horas
906 2335 965 2403 vel
989 2338 1095 2404 etiam
1119 2334 1255 2404 diutius

54 2441 303 2532 colloquentes
355 2447 476 2514 facere.
545 2445 685 2528 Quodsi
734 2455 854 2514 tamen
905 2467 1167 2532 nonnunquam
1217 2450 1257 2515 in

54 2556 232 2627 rationem
270 2566 471 2645 temporum
514 2563 710 2646 „peccavit‘
754 2567 815 2627 aut
839 2558 1003 2628 ‘exiliore
1046 2567 1255 2629 ornamento

56 2693 146 2738 usus
171 2678 235 2751 est,
257 2670 521 2759 philosophicis
546 2671 772 2757 dialogorum
796 2675 1014 2756 argumentis
1046 2664 1255 2741 condonan-

57 2782 231 2852 dum'est.
288 2783 382 2853 Nam
408 2788 441 2853 si
469 2787 549 2871 quis
581 2806 703 2853 secum
733 2793 871 2872 reputet
894 2794 1112 2871 quantopere
1134 2784 1255 2873 philo-

54 2895 188 2983 sophia
212 2916 302 2982 quae
325 2919 389 2964 nec
412 2905 554 2984 tempus
578 2917 642 2965 nec
665 2896 786 2965 locum
808 2918 923 2983 neque
950 2897 1115 2967 homines
1146 2908 1255 2980 curat,

57 3007 211 3077 dramati
239 3012 447 3096 oppositum
477 3013 538 3089 sit‘
564 3007 662 3096 quod
696 3009 820 3078 eadem
849 3013 970 3078 omnia
1003 3013 1075 3081 sibi
1108 3011 1257 3096 flagitat,

56 3143 132 3190 non
155 3124 228 3188 iam
250 3120 439 3190 Platonem
461 3123 690 3209 vituperabit,
721 3126 830 3191 immo
860 3122 1094 3191 admirabitur
1123 3132 1258 3210 quanta

54 3232 269 3321 plerumque
298 3241 371 3301 arte
400 3232 489 3302 duas
517 3234 584 3302 has
613 3243 760 3303 naturas
787 3238 942 3303 maxime
966 3237 1037 3305 sibi
1061 3240 1255 3304 contrarias
1301 3287 1302 3290 ,

56 3346 289 3433 copulaverit.
306 3346 333 3430 ¹)

161 3456 299 3555 Eadem
322 3467 440 3527 autem
464 3458 668 3529 fabularum
691 3461 842 3528 imitatio
868 3480 975 3545 quam
1001 3463 1040 3528 in
1072 3469 1148 3531 tota
1179 3461 1256 3531 dia·

53 3570 223 3655 logorum
257 3575 516 3658 compositione
557 3574 627 3642 sibi
660 3575 849 3659 proposuit
887 3570 1076 3642 Platonem
1116 3596 1257 3662 quoque

53 3686 297 3752 commovisse
319 3683 471 3764 videtur,
494 3693 534 3753 ut
558 3706 579 3752 a
602 3683 833 3769 diegemetioo
849 3682 1105 3772 Xenophontis
1129 3709 1268 3772 genere¹

54 3794 233 3864 recederet
266 3817 471 3884 novumque
507 3797 741 3865 dramaticum
776 3797 910 3866 scilicet
943 3798 1126 3868 induceret
1161 3800 1257 3887 quod

56 3907 105 3975 ad
128 3915 294 3978 naturam
319 3931 440 3979 eorum
464 3913 579 3995 magis
605 3909 803 3996 quadrabat
826 3909 1088 3997 perfectamque
1113 3898 1257 3983 demum

55 4023 298 4090 imitationem
321 4022 500 4093 reddebat.
556 4022 662 4091 Prius
687 4025 782 4090 enirn
807 4044 884 4090 esse
907 4044 1021 4107 genus
1046 4023 1256 4109 diegemati-

154 4263 185 4330 ¹¹)
204 4261 249 4320 of.
269 4280 296 4319 v.
317 4261 438 4332 Stein,
458 4262 565 4321 Gesch.
586 4264 639 4324 des
657 4264 863 4322 Platonismus
882 4263 942 4322 Ire
958 4283 1002 4334 sq.
