<?xml version="1.0" encoding="UTF-8"?>
<!DOCTYPE html PUBLIC "-//W3C//DTD XHTML 1.0 Transitional//EN"
    "http://www.w3.org/TR/xhtml1/DTD/xhtml1-transitional.dtd">
<html xmlns="http://www.w3.org/1999/xhtml" xml:lang="en" lang="en">
 <head>
  <title>
</title>
<meta http-equiv="Content-Type" content="text/html;charset=utf-8" />
  <meta name='ocr-system' content='tesseract 3.04.00' />
  <meta name='ocr-capabilities' content='ocr_page ocr_carea ocr_par ocr_line ocrx_word'/>
</head>
<body>
  <div class='ocr_page' id='page_1' title='image "./arsdialogorumco00schlgoog_0062.png"; bbox 0 0 2798 4680; ppageno 0'>
   <div class='ocr_carea' id='block_1_1' title="bbox 1216 319 1259 385">
    <p class='ocr_par' dir='ltr' id='par_1_1' title="bbox 1216 319 1259 385">
     <span class='ocr_line' id='line_1_1' title="bbox 1216 319 1259 385; baseline 0.023 -1"><span class='ocrx_word' id='word_1_1' title='bbox 1216 319 1259 385; x_wconf 83' lang='lat'>49</span> 
     </span>
    </p>
   </div>
   <div class='ocr_carea' id='block_1_2' title="bbox 53 518 1333 4470">
    <p class='ocr_par' dir='ltr' id='par_1_2' title="bbox 58 518 1333 1972">
     <span class='ocr_line' id='line_1_2' title="bbox 67 518 1257 611; baseline 0.004 -22"><span class='ocrx_word' id='word_1_2' title='bbox 67 544 90 589; x_wconf 83' lang='grc'>1.</span> <span class='ocrx_word' id='word_1_3' title='bbox 114 518 156 590; x_wconf 93' lang='lat' dir='ltr'>ll.</span> <span class='ocrx_word' id='word_1_4' title='bbox 210 521 330 591; x_wconf 89' lang='lat' dir='ltr'>Primo</span> <span class='ocrx_word' id='word_1_5' title='bbox 367 525 494 593; x_wconf 87' lang='lat' dir='ltr'>obtutu</span> <span class='ocrx_word' id='word_1_6' title='bbox 532 530 678 611; x_wconf 87' lang='lat' dir='ltr'>apparet</span> <span class='ocrx_word' id='word_1_7' title='bbox 711 520 873 593; x_wconf 86' lang='lat' dir='ltr'>Tacitum</span> <span class='ocrx_word' id='word_1_8' title='bbox 909 524 1088 593; x_wconf 76' lang='lat' dir='ltr'>Ciceronis</span> <span class='ocrx_word' id='word_1_9' title='bbox 1123 546 1257 594; x_wconf 89' lang='lat' dir='ltr'>morem</span> 
     </span>
     <span class='ocr_line' id='line_1_3' title="bbox 67 637 1256 725; baseline 0.003 -22"><span class='ocrx_word' id='word_1_10' title='bbox 67 638 240 706; x_wconf 90' lang='lat' dir='ltr'>imitatum</span> <span class='ocrx_word' id='word_1_11' title='bbox 264 660 357 709; x_wconf 85' lang='lat' dir='ltr'>esse:</span> <span class='ocrx_word' id='word_1_12' title='bbox 381 641 613 725; x_wconf 80' lang='lat' dir='ltr'>prooemium</span> <span class='ocrx_word' id='word_1_13' title='bbox 638 637 910 722; x_wconf 85' lang='lat' dir='ltr'>diogematicum</span> <span class='ocrx_word' id='word_1_14' title='bbox 926 660 1040 722; x_wconf 83' lang='lat' dir='ltr'>genus</span> <span class='ocrx_word' id='word_1_15' title='bbox 1065 640 1102 706; x_wconf 91' lang='lat' dir='ltr'>in</span> <span class='ocrx_word' id='word_1_16' title='bbox 1122 647 1256 707; x_wconf 88' lang='lat' dir='ltr'>utrem-</span> 
     </span>
     <span class='ocr_line' id='line_1_4' title="bbox 67 749 1333 838; baseline 0.002 -21"><span class='ocrx_word' id='word_1_17' title='bbox 67 770 129 836; x_wconf 91' lang='lat' dir='ltr'>que</span> <span class='ocrx_word' id='word_1_18' title='bbox 157 757 295 837; x_wconf 88' lang='lat' dir='ltr'>partem</span> <span class='ocrx_word' id='word_1_19' title='bbox 327 750 539 838; x_wconf 84' lang='lat' dir='ltr'>disputat-io:</span> <span class='ocrx_word' id='word_1_20' title='bbox 573 751 660 819; x_wconf 90' lang='lat' dir='ltr'>haec</span> <span class='ocrx_word' id='word_1_21' title='bbox 692 754 814 820; x_wconf 89' lang='lat' dir='ltr'>omnia</span> <span class='ocrx_word' id='word_1_22' title='bbox 844 750 1023 819; x_wconf 77' lang='lat' dir='ltr'>Ciceronis</span> <span class='ocrx_word' id='word_1_23' title='bbox 1047 749 1105 818; x_wconf 81' lang='lat' dir='ltr'>rol</span> <span class='ocrx_word' id='word_1_24' title='bbox 1135 755 1257 838; x_wconf 87' lang='lat' dir='ltr'>potius</span> <span class='ocrx_word' id='word_1_25' title='bbox 1330 770 1333 775; x_wconf 83' lang='lat'>·</span> 
     </span>
     <span class='ocr_line' id='line_1_5' title="bbox 66 862 1257 951; baseline 0.002 -21"><span class='ocrx_word' id='word_1_26' title='bbox 66 862 266 931; x_wconf 83' lang='lat' dir='ltr'>Aristotelis</span> <span class='ocrx_word' id='word_1_27' title='bbox 289 867 433 951; x_wconf 86' lang='lat' dir='ltr'>propria</span> <span class='ocrx_word' id='word_1_28' title='bbox 457 873 549 932; x_wconf 87' lang='lat' dir='ltr'>sunt.</span> <span class='ocrx_word' id='word_1_29' title='bbox 604 864 745 932; x_wconf 79' lang='lat' dir='ltr'>Fietum</span> <span class='ocrx_word' id='word_1_30' title='bbox 770 886 846 932; x_wconf 88' lang='lat' dir='ltr'>esse</span> <span class='ocrx_word' id='word_1_31' title='bbox 870 865 966 931; x_wconf 90' lang='lat' dir='ltr'>hunc</span> <span class='ocrx_word' id='word_1_32' title='bbox 991 885 1189 934; x_wconf 89' lang='lat' dir='ltr'>sermonem</span> <span class='ocrx_word' id='word_1_33' title='bbox 1214 887 1257 932; x_wconf 82' lang='lat' dir='ltr'>ex</span> 
     </span>
     <span class='ocr_line' id='line_1_6' title="bbox 66 975 1257 1063; baseline 0.003 -21"><span class='ocrx_word' id='word_1_34' title='bbox 66 979 150 1063; x_wconf 88' lang='lat' dir='ltr'>ipsis</span> <span class='ocrx_word' id='word_1_35' title='bbox 167 975 279 1045; x_wconf 84' lang='lat' dir='ltr'>Taciti</span> <span class='ocrx_word' id='word_1_36' title='bbox 295 979 413 1046; x_wconf 79' lang='lat' dir='ltr'>vorbis</span> <span class='ocrx_word' id='word_1_37' title='bbox 437 975 602 1047; x_wconf 90' lang='lat' dir='ltr'>concludi</span> <span class='ocrx_word' id='word_1_38' title='bbox 622 985 751 1063; x_wconf 79' lang='lat' dir='ltr'>potest,</span> <span class='ocrx_word' id='word_1_39' title='bbox 775 999 855 1046; x_wconf 91' lang='lat' dir='ltr'>cum</span> <span class='ocrx_word' id='word_1_40' title='bbox 871 975 1065 1044; x_wconf 79' lang='lat' dir='ltr'>Messalam</span> <span class='ocrx_word' id='word_1_41' title='bbox 1082 976 1257 1046; x_wconf 87' lang='lat' dir='ltr'>dicentem</span> 
     </span>
     <span class='ocr_line' id='line_1_7' title="bbox 64 1088 1256 1177; baseline 0.002 -21"><span class='ocrx_word' id='word_1_42' title='bbox 64 1088 165 1159; x_wconf 85' lang='lat' dir='ltr'>faeiat</span> <span class='ocrx_word' id='word_1_43' title='bbox 189 1112 215 1157; x_wconf 88' lang='lat' dir='ltr'>c.</span> <span class='ocrx_word' id='word_1_44' title='bbox 244 1096 296 1157; x_wconf 75' lang='lat'>15:</span> <span class='ocrx_word' id='word_1_45' title='bbox 342 1091 484 1177; x_wconf 80' lang='lat' dir='ltr'>..Neque</span> <span class='ocrx_word' id='word_1_46' title='bbox 517 1090 625 1169; x_wconf 79' lang='lat' dir='ltr'>illius,</span> <span class='ocrx_word' id='word_1_47' title='bbox 657 1093 784 1176; x_wconf 76' lang='lat' dir='ltr'>inquit,</span> <span class='ocrx_word' id='word_1_48' title='bbox 819 1093 992 1159; x_wconf 83' lang='lat' dir='ltr'>sermonis</span> <span class='ocrx_word' id='word_1_49' title='bbox 1028 1093 1097 1157; x_wconf 85' lang='grc'><strong>11111</strong></span> <span class='ocrx_word' id='word_1_50' title='bbox 1130 1095 1256 1176; x_wconf 88' lang='lat' dir='ltr'>poeni-</span> 
     </span>
     <span class='ocr_line' id='line_1_8' title="bbox 63 1203 1256 1290; baseline 0.001 -20"><span class='ocrx_word' id='word_1_51' title='bbox 63 1207 208 1271; x_wconf 86' lang='lat' dir='ltr'>tentiam</span> <span class='ocrx_word' id='word_1_52' title='bbox 239 1227 317 1288; x_wconf 77' lang='lat' dir='ltr'>ago,</span> <span class='ocrx_word' id='word_1_53' title='bbox 348 1226 462 1290; x_wconf 86' lang='lat' dir='ltr'>neque</span> <span class='ocrx_word' id='word_1_54' title='bbox 493 1213 555 1272; x_wconf 89' lang='lat' dir='ltr'>aut</span> <span class='ocrx_word' id='word_1_55' title='bbox 579 1203 783 1272; x_wconf 83' lang='lat' dir='ltr'>Secundum</span> <span class='ocrx_word' id='word_1_56' title='bbox 814 1211 876 1271; x_wconf 87' lang='lat' dir='ltr'>aut</span> <span class='ocrx_word' id='word_1_57' title='bbox 899 1203 1101 1273; x_wconf 76' lang='lat' dir='ltr'>Maternum</span> <span class='ocrx_word' id='word_1_58' title='bbox 1130 1211 1192 1271; x_wconf 91' lang='lat' dir='ltr'>aut</span> <span class='ocrx_word' id='word_1_59' title='bbox 1222 1214 1256 1271; x_wconf 90' lang='grc'>11</span> 
     </span>
     <span class='ocr_line' id='line_1_9' title="bbox 64 1314 1256 1404; baseline 0.002 -22"><span class='ocrx_word' id='word_1_60' title='bbox 64 1319 190 1403; x_wconf 69' lang='lat' dir='ltr'>ipsum,</span> <span class='ocrx_word' id='word_1_61' title='bbox 215 1318 321 1403; x_wconf 71' lang='lat' dir='ltr'>Aper,</span> <span class='ocrx_word' id='word_1_62' title='bbox 347 1340 560 1404; x_wconf 90' lang='lat' dir='ltr'>quamquam</span> <span class='ocrx_word' id='word_1_63' title='bbox 589 1317 765 1386; x_wconf 85' lang='lat' dir='ltr'>interdum</span> <span class='ocrx_word' id='word_1_64' title='bbox 791 1320 826 1384; x_wconf 92' lang='lat' dir='ltr'>in</span> <span class='ocrx_word' id='word_1_65' title='bbox 843 1319 1059 1385; x_wconf 89' lang='lat' dir='ltr'>contrarium</span> <span class='ocrx_word' id='word_1_66' title='bbox 1084 1314 1256 1402; x_wconf 67' lang='lat' dir='ltr'>disputes</span> 
     </span>
     <span class='ocr_line' id='line_1_10' title="bbox 62 1427 1256 1517; baseline 0.002 -22"><span class='ocrx_word' id='word_1_67' title='bbox 62 1427 162 1498; x_wconf 89' lang='lat' dir='ltr'>aliter</span> <span class='ocrx_word' id='word_1_68' title='bbox 196 1434 325 1498; x_wconf 79' lang='lat' dir='ltr'>sentiro</span> <span class='ocrx_word' id='word_1_69' title='bbox 361 1429 495 1511; x_wconf 76' lang='lat' dir='ltr'>credo“‚</span> <span class='ocrx_word' id='word_1_70' title='bbox 531 1440 565 1499; x_wconf 89' lang='lat' dir='ltr'>ct</span> <span class='ocrx_word' id='word_1_71' title='bbox 598 1431 800 1499; x_wconf 75' lang='lat' dir='ltr'>Maternum</span> <span class='ocrx_word' id='word_1_72' title='bbox 835 1450 861 1497; x_wconf 90' lang='lat' dir='ltr'>c.</span> <span class='ocrx_word' id='word_1_73' title='bbox 892 1434 950 1496; x_wconf 72' lang='lat'>24:</span> <span class='ocrx_word' id='word_1_74' title='bbox 997 1451 1056 1496; x_wconf 85' lang='lat' dir='ltr'>..ac</span> <span class='ocrx_word' id='word_1_75' title='bbox 1096 1451 1140 1496; x_wconf 91' lang='lat' dir='ltr'>ne</span> <span class='ocrx_word' id='word_1_76' title='bbox 1180 1433 1256 1517; x_wconf 89' lang='lat' dir='ltr'>ipse</span> 
     </span>
     <span class='ocr_line' id='line_1_11' title="bbox 63 1541 1255 1630; baseline 0 -20"><span class='ocrx_word' id='word_1_77' title='bbox 63 1544 190 1630; x_wconf 82' lang='lat' dir='ltr'>(Aper)</span> <span class='ocrx_word' id='word_1_78' title='bbox 216 1543 357 1630; x_wconf 81' lang='lat' dir='ltr'>quidem</span> <span class='ocrx_word' id='word_1_79' title='bbox 383 1548 433 1612; x_wconf 87' lang='lat' dir='ltr'>ita</span> <span class='ocrx_word' id='word_1_80' title='bbox 456 1548 573 1616; x_wconf 76' lang='lat' dir='ltr'>sentit.</span> <span class='ocrx_word' id='word_1_81' title='bbox 597 1566 694 1613; x_wconf 91' lang='lat' dir='ltr'>morc</span> <span class='ocrx_word' id='word_1_82' title='bbox 711 1546 820 1612; x_wconf 87' lang='lat' dir='ltr'>veteri</span> <span class='ocrx_word' id='word_1_83' title='bbox 844 1550 876 1610; x_wconf 89' lang='grc'>11</span> <span class='ocrx_word' id='word_1_84' title='bbox 896 1542 1111 1611; x_wconf 80' lang='lat' dir='ltr'>aratoribus</span> <span class='ocrx_word' id='word_1_85' title='bbox 1134 1541 1255 1629; x_wconf 87' lang='lat' dir='ltr'>philo-</span> 
     </span>
     <span class='ocr_line' id='line_1_12' title="bbox 60 1653 1253 1745; baseline 0.001 -22"><span class='ocrx_word' id='word_1_86' title='bbox 60 1658 185 1744; x_wconf 82' lang='lat' dir='ltr'>sophis</span> <span class='ocrx_word' id='word_1_87' title='bbox 210 1680 314 1745; x_wconf 85' lang='lat' dir='ltr'>saepo</span> <span class='ocrx_word' id='word_1_88' title='bbox 339 1659 515 1727; x_wconf 79' lang='lat' dir='ltr'>celebrato</span> <span class='ocrx_word' id='word_1_89' title='bbox 540 1661 693 1744; x_wconf 84' lang='lat' dir='ltr'>sruupsit</span> <span class='ocrx_word' id='word_1_90' title='bbox 713 1658 783 1725; x_wconf 86' lang='lat' dir='ltr'>sibi</span> <span class='ocrx_word' id='word_1_91' title='bbox 801 1662 923 1724; x_wconf 88' lang='lat' dir='ltr'>contra</span> <span class='ocrx_word' id='word_1_92' title='bbox 941 1653 1083 1723; x_wconf 82' lang='lat' dir='ltr'>dicendi</span> <span class='ocrx_word' id='word_1_93' title='bbox 1104 1661 1253 1741; x_wconf 70' lang='grc' dir='ltr'>11111111·ί</span> 
     </span>
     <span class='ocr_line' id='line_1_13' title="bbox 59 1768 1255 1856; baseline -0.002 -17"><span class='ocrx_word' id='word_1_94' title='bbox 59 1769 98 1839; x_wconf 83' lang='lat' dir='ltr'>Si</span> <span class='ocrx_word' id='word_1_95' title='bbox 135 1771 298 1855; x_wconf 81' lang='lat' dir='ltr'>dialogus</span> <span class='ocrx_word' id='word_1_96' title='bbox 333 1794 414 1840; x_wconf 84' lang='lat' dir='ltr'>rere</span> <span class='ocrx_word' id='word_1_97' title='bbox 447 1771 594 1841; x_wconf 89' lang='lat' dir='ltr'>habitus</span> <span class='ocrx_word' id='word_1_98' title='bbox 630 1778 737 1849; x_wconf 70' lang='lat' dir='ltr'>esset,</span> <span class='ocrx_word' id='word_1_99' title='bbox 777 1771 874 1856; x_wconf 85' lang='lat' dir='ltr'>Aper</span> <span class='ocrx_word' id='word_1_100' title='bbox 908 1770 976 1837; x_wconf 81' lang='lat' dir='ltr'>hoo</span> <span class='ocrx_word' id='word_1_101' title='bbox 1015 1768 1255 1837; x_wconf 72' lang='lat' dir='ltr'>altercationis</span> 
     </span>
     <span class='ocr_line' id='line_1_14' title="bbox 58 1884 711 1972; baseline -0.002 -20"><span class='ocrx_word' id='word_1_102' title='bbox 58 1887 191 1953; x_wconf 89' lang='lat' dir='ltr'>crimen</span> <span class='ocrx_word' id='word_1_103' title='bbox 215 1892 305 1953; x_wconf 86' lang='lat' dir='ltr'>certo</span> <span class='ocrx_word' id='word_1_104' title='bbox 328 1909 401 1954; x_wconf 92' lang='lat' dir='ltr'>non</span> <span class='ocrx_word' id='word_1_105' title='bbox 426 1908 536 1972; x_wconf 88' lang='lat' dir='ltr'>aequo</span> <span class='ocrx_word' id='word_1_106' title='bbox 560 1884 711 1953; x_wconf 84' lang='lat' dir='ltr'>tulisset.</span> 
     </span>
    </p>

    <p class='ocr_par' dir='ltr' id='par_1_3' title="bbox 53 1995 1289 4387">
     <span class='ocr_line' id='line_1_15' title="bbox 164 1995 1256 2084; baseline -0.002 -18"><span class='ocrx_word' id='word_1_107' title='bbox 164 1999 222 2066; x_wconf 82' lang='lat' dir='ltr'>Ad</span> <span class='ocrx_word' id='word_1_108' title='bbox 272 2000 364 2067; x_wconf 86' lang='lat' dir='ltr'>hanc</span> <span class='ocrx_word' id='word_1_109' title='bbox 410 2006 528 2067; x_wconf 91' lang='lat' dir='ltr'>autem</span> <span class='ocrx_word' id='word_1_110' title='bbox 580 2001 823 2084; x_wconf 87' lang='lat' dir='ltr'>quaestionem</span> <span class='ocrx_word' id='word_1_111' title='bbox 876 1995 1141 2064; x_wconf 78' lang='lat' dir='ltr'>diiudicandum</span> <span class='ocrx_word' id='word_1_112' title='bbox 1194 1995 1256 2064; x_wconf 91' lang='lat' dir='ltr'>diu</span> 
     </span>
     <span class='ocr_line' id='line_1_16' title="bbox 58 2112 1255 2200; baseline -0.002 -19"><span class='ocrx_word' id='word_1_113' title='bbox 58 2112 283 2200; x_wconf 79' lang='lat' dir='ltr'>multumque</span> <span class='ocrx_word' id='word_1_114' title='bbox 323 2120 508 2180; x_wconf 86' lang='lat' dir='ltr'>tractatam</span> <span class='ocrx_word' id='word_1_115' title='bbox 550 2115 681 2181; x_wconf 83' lang='lat' dir='ltr'>summi</span> <span class='ocrx_word' id='word_1_116' title='bbox 721 2114 892 2180; x_wconf 79' lang='lat' dir='ltr'>momenti</span> <span class='ocrx_word' id='word_1_117' title='bbox 930 2116 984 2176; x_wconf 84' lang='lat' dir='ltr'>est</span> <span class='ocrx_word' id='word_1_118' title='bbox 1024 2131 1143 2176; x_wconf 82' lang='grc'><strong>111111</strong></span> <span class='ocrx_word' id='word_1_119' title='bbox 1185 2131 1255 2195; x_wconf 92' lang='lat' dir='ltr'>quo</span> 
     </span>
     <span class='ocr_line' id='line_1_17' title="bbox 57 2221 1256 2311; baseline -0.004 -16"><span class='ocrx_word' id='word_1_120' title='bbox 57 2228 212 2298; x_wconf 85' lang='lat' dir='ltr'>consilio</span> <span class='ocrx_word' id='word_1_121' title='bbox 236 2227 379 2295; x_wconf 79' lang='lat' dir='ltr'>Tacitus</span> <span class='ocrx_word' id='word_1_122' title='bbox 410 2227 505 2294; x_wconf 91' lang='lat' dir='ltr'>hunc</span> <span class='ocrx_word' id='word_1_123' title='bbox 535 2226 718 2309; x_wconf 79' lang='lat' dir='ltr'>dialogum</span> <span class='ocrx_word' id='word_1_124' title='bbox 748 2226 935 2311; x_wconf 87' lang='lat' dir='ltr'>scripserit.</span> <span class='ocrx_word' id='word_1_125' title='bbox 982 2222 1078 2289; x_wconf 80' lang='lat' dir='ltr'>Dicit</span> <span class='ocrx_word' id='word_1_126' title='bbox 1113 2221 1256 2308; x_wconf 86' lang='lat' dir='ltr'>quidam</span> 
     </span>
     <span class='ocr_line' id='line_1_18' title="bbox 55 2341 1254 2429; baseline -0.004 -20"><span class='ocrx_word' id='word_1_127' title='bbox 55 2345 173 2429; x_wconf 90' lang='lat' dir='ltr'>primo</span> <span class='ocrx_word' id='word_1_128' title='bbox 203 2345 316 2428; x_wconf 78' lang='lat' dir='ltr'>capito</span> <span class='ocrx_word' id='word_1_129' title='bbox 352 2345 388 2409; x_wconf 90' lang='lat' dir='ltr'>in</span> <span class='ocrx_word' id='word_1_130' title='bbox 420 2363 546 2409; x_wconf 84' lang='lat' dir='ltr'>causas</span> <span class='ocrx_word' id='word_1_131' title='bbox 577 2360 654 2407; x_wconf 85' lang='lat' dir='ltr'>sese</span> <span class='ocrx_word' id='word_1_132' title='bbox 684 2341 941 2425; x_wconf 80' lang='lat' dir='ltr'>inquisiturum</span> <span class='ocrx_word' id='word_1_133' title='bbox 971 2358 1047 2404; x_wconf 88' lang='lat' dir='ltr'>esse</span> <span class='ocrx_word' id='word_1_134' title='bbox 1071 2357 1132 2403; x_wconf 89' lang='lat' dir='ltr'>our</span> <span class='ocrx_word' id='word_1_135' title='bbox 1156 2342 1254 2404; x_wconf 88' lang='lat' dir='ltr'>aetas</span> 
     </span>
     <span class='ocr_line' id='line_1_19' title="bbox 56 2453 1256 2541; baseline -0.008 -16"><span class='ocrx_word' id='word_1_136' title='bbox 56 2478 125 2525; x_wconf 88' lang='lat' dir='ltr'>sua</span> <span class='ocrx_word' id='word_1_137' title='bbox 159 2454 382 2541; x_wconf 83' lang='lat' dir='ltr'>eloquentiae</span> <span class='ocrx_word' id='word_1_138' title='bbox 417 2454 523 2524; x_wconf 86' lang='lat' dir='ltr'>laude</span> <span class='ocrx_word' id='word_1_139' title='bbox 559 2456 682 2522; x_wconf 90' lang='lat' dir='ltr'>orbata</span> <span class='ocrx_word' id='word_1_140' title='bbox 723 2456 771 2520; x_wconf 91' lang='lat' dir='ltr'>sit</span> <span class='ocrx_word' id='word_1_141' title='bbox 811 2471 926 2536; x_wconf 91' lang='lat' dir='ltr'>neque</span> <span class='ocrx_word' id='word_1_142' title='bbox 968 2453 1087 2534; x_wconf 88' lang='lat' dir='ltr'>potest</span> <span class='ocrx_word' id='word_1_143' title='bbox 1132 2453 1256 2534; x_wconf 88' lang='lat' dir='ltr'>negari</span> 
     </span>
     <span class='ocr_line' id='line_1_20' title="bbox 57 2560 1255 2655; baseline -0.008 -16"><span class='ocrx_word' id='word_1_144' title='bbox 57 2592 257 2639; x_wconf 86' lang='lat' dir='ltr'>sermonem</span> <span class='ocrx_word' id='word_1_145' title='bbox 283 2571 366 2638; x_wconf 81' lang='grc'><strong>111111·</strong></span> <span class='ocrx_word' id='word_1_146' title='bbox 396 2571 597 2655; x_wconf 84' lang='lat' dir='ltr'>quaestioni</span> <span class='ocrx_word' id='word_1_147' title='bbox 625 2571 712 2635; x_wconf 89' lang='lat' dir='ltr'>satis</span> <span class='ocrx_word' id='word_1_148' title='bbox 744 2564 870 2641; x_wconf 81' lang='lat' dir='ltr'>facere3</span> <span class='ocrx_word' id='word_1_149' title='bbox 900 2560 961 2629; x_wconf 89' lang='lat' dir='ltr'>sed</span> <span class='ocrx_word' id='word_1_150' title='bbox 993 2561 1083 2629; x_wconf 90' lang='lat' dir='ltr'>aliae</span> <span class='ocrx_word' id='word_1_151' title='bbox 1114 2584 1255 2648; x_wconf 89' lang='lat' dir='ltr'>quoque</span> 
     </span>
     <span class='ocr_line' id='line_1_21' title="bbox 56 2674 1254 2765; baseline -0.008 -13"><span class='ocrx_word' id='word_1_152' title='bbox 56 2706 187 2753; x_wconf 83' lang='lat' dir='ltr'>causae</span> <span class='ocrx_word' id='word_1_153' title='bbox 229 2684 272 2751; x_wconf 87' lang='lat' dir='ltr'>ad</span> <span class='ocrx_word' id='word_1_154' title='bbox 314 2683 541 2751; x_wconf 83' lang='lat' dir='ltr'>scribendum</span> <span class='ocrx_word' id='word_1_155' title='bbox 584 2703 665 2749; x_wconf 84' lang='lat' dir='ltr'>rum</span> <span class='ocrx_word' id='word_1_156' title='bbox 702 2677 890 2765; x_wconf 84' lang='lat' dir='ltr'>impulisse</span> <span class='ocrx_word' id='word_1_157' title='bbox 924 2674 1099 2744; x_wconf 77' lang='lat' dir='ltr'>uidentur.</span> <span class='ocrx_word' id='word_1_158' title='bbox 1158 2674 1254 2744; x_wconf 79' lang='lat' dir='ltr'>Satis</span> 
     </span>
     <span class='ocr_line' id='line_1_22' title="bbox 57 2788 1253 2879; baseline -0.009 -13"><span class='ocrx_word' id='word_1_159' title='bbox 57 2808 112 2867; x_wconf 88' lang='lat' dir='ltr'>est</span> <span class='ocrx_word' id='word_1_160' title='bbox 143 2809 267 2869; x_wconf 92' lang='lat' dir='ltr'>notum</span> <span class='ocrx_word' id='word_1_161' title='bbox 292 2799 453 2868; x_wconf 70' lang='lat' dir='ltr'>&#39;l&#39;acituru</span> <span class='ocrx_word' id='word_1_162' title='bbox 482 2795 636 2866; x_wconf 91' lang='lat' dir='ltr'>multum</span> <span class='ocrx_word' id='word_1_163' title='bbox 660 2794 829 2879; x_wconf 87' lang='lat' dir='ltr'>temporis</span> <span class='ocrx_word' id='word_1_164' title='bbox 853 2793 891 2858; x_wconf 93' lang='lat' dir='ltr'>in</span> <span class='ocrx_word' id='word_1_165' title='bbox 916 2790 1098 2857; x_wconf 89' lang='lat' dir='ltr'>rhetoricis</span> <span class='ocrx_word' id='word_1_166' title='bbox 1123 2788 1253 2856; x_wconf 89' lang='lat' dir='ltr'>studiis</span> 
     </span>
     <span class='ocr_line' id='line_1_23' title="bbox 56 2901 1254 2999; baseline -0.01 -18"><span class='ocrx_word' id='word_1_167' title='bbox 56 2919 239 2982; x_wconf 88' lang='lat' dir='ltr'>versatum</span> <span class='ocrx_word' id='word_1_168' title='bbox 277 2934 369 2992; x_wconf 76' lang='lat' dir='ltr'>csso,</span> <span class='ocrx_word' id='word_1_169' title='bbox 412 2919 447 2979; x_wconf 91' lang='lat' dir='ltr'>et</span> <span class='ocrx_word' id='word_1_170' title='bbox 484 2915 560 2999; x_wconf 88' lang='lat' dir='ltr'>ipse</span> <span class='ocrx_word' id='word_1_171' title='bbox 598 2909 683 2977; x_wconf 89' lang='lat' dir='ltr'>dicit</span> <span class='ocrx_word' id='word_1_172' title='bbox 727 2928 763 2974; x_wconf 91' lang='lat' dir='ltr'>se</span> <span class='ocrx_word' id='word_1_173' title='bbox 799 2906 938 2991; x_wconf 88' lang='lat' dir='ltr'>Aprum</span> <span class='ocrx_word' id='word_1_174' title='bbox 980 2909 1014 2970; x_wconf 90' lang='grc'>11</span> <span class='ocrx_word' id='word_1_175' title='bbox 1048 2901 1254 2970; x_wconf 75' lang='lat' dir='ltr'>Secundum</span> 
     </span>
     <span class='ocr_line' id='line_1_24' title="bbox 56 3014 1252 3113; baseline -0.011 -17"><span class='ocrx_word' id='word_1_176' title='bbox 56 3032 148 3096; x_wconf 90' lang='lat' dir='ltr'>mira</span> <span class='ocrx_word' id='word_1_177' title='bbox 171 3027 372 3096; x_wconf 86' lang='lat' dir='ltr'>studiorum</span> <span class='ocrx_word' id='word_1_178' title='bbox 396 3025 590 3113; x_wconf 82' lang='lat' dir='ltr'>cupiditate</span> <span class='ocrx_word' id='word_1_179' title='bbox 614 3022 766 3091; x_wconf 85' lang='lat' dir='ltr'>audisse.</span> <span class='ocrx_word' id='word_1_180' title='bbox 814 3017 900 3086; x_wconf 89' lang='lat' dir='ltr'>Mox</span> <span class='ocrx_word' id='word_1_181' title='bbox 924 3023 1042 3083; x_wconf 84' lang='lat' dir='ltr'>auteur</span> <span class='ocrx_word' id='word_1_182' title='bbox 1072 3036 1093 3082; x_wconf 87' lang='lat' dir='ltr'>a</span> <span class='ocrx_word' id='word_1_183' title='bbox 1123 3014 1252 3083; x_wconf 89' lang='lat' dir='ltr'>studiis</span> 
     </span>
     <span class='ocr_line' id='line_1_25' title="bbox 57 3129 1255 3211; baseline -0.009 -2"><span class='ocrx_word' id='word_1_184' title='bbox 57 3141 133 3211; x_wconf 88' lang='lat' dir='ltr'>illis</span> <span class='ocrx_word' id='word_1_185' title='bbox 168 3164 205 3210; x_wconf 90' lang='lat' dir='ltr'>se</span> <span class='ocrx_word' id='word_1_186' title='bbox 241 3145 369 3209; x_wconf 87' lang='lat' dir='ltr'>avertit</span> <span class='ocrx_word' id='word_1_187' title='bbox 403 3149 436 3209; x_wconf 90' lang='lat' dir='ltr'>ot</span> <span class='ocrx_word' id='word_1_188' title='bbox 472 3139 516 3207; x_wconf 88' lang='lat' dir='ltr'>ad</span> <span class='ocrx_word' id='word_1_189' title='bbox 547 3135 773 3206; x_wconf 85' lang='lat' dir='ltr'>scribendum</span> <span class='ocrx_word' id='word_1_190' title='bbox 808 3154 845 3199; x_wconf 89' lang='lat' dir='ltr'>se</span> <span class='ocrx_word' id='word_1_191' title='bbox 885 3131 1045 3199; x_wconf 87' lang='lat' dir='ltr'>contulit.</span> <span class='ocrx_word' id='word_1_192' title='bbox 1104 3129 1181 3197; x_wconf 91' lang='lat' dir='ltr'>Hoc</span> <span class='ocrx_word' id='word_1_193' title='bbox 1216 3140 1255 3198; x_wconf 91' lang='lat' dir='ltr'>ut</span> 
     </span>
     <span class='ocr_line' id='line_1_26' title="bbox 56 3241 1255 3343; baseline -0.012 -18"><span class='ocrx_word' id='word_1_194' title='bbox 56 3255 261 3343; x_wconf 77' lang='lat' dir='ltr'>explicaret,</span> <span class='ocrx_word' id='word_1_195' title='bbox 286 3255 468 3338; x_wconf 78' lang='lat' dir='ltr'>dialogum</span> <span class='ocrx_word' id='word_1_196' title='bbox 492 3251 597 3320; x_wconf 90' lang='lat' dir='ltr'>illum</span> <span class='ocrx_word' id='word_1_197' title='bbox 620 3251 770 3336; x_wconf 86' lang='lat' dir='ltr'>scripsit.</span> <span class='ocrx_word' id='word_1_198' title='bbox 818 3245 893 3314; x_wconf 84' lang='lat' dir='ltr'>Sub</span> <span class='ocrx_word' id='word_1_199' title='bbox 924 3263 1079 3330; x_wconf 90' lang='lat' dir='ltr'>persona</span> <span class='ocrx_word' id='word_1_200' title='bbox 1101 3241 1255 3311; x_wconf 87' lang='lat' dir='ltr'>Materni</span> 
     </span>
     <span class='ocr_line' id='line_1_27' title="bbox 57 3357 1252 3457; baseline -0.009 -20"><span class='ocrx_word' id='word_1_201' title='bbox 57 3372 121 3456; x_wconf 90' lang='lat' dir='ltr'>qui</span> <span class='ocrx_word' id='word_1_202' title='bbox 144 3377 178 3437; x_wconf 92' lang='grc'>11</span> <span class='ocrx_word' id='word_1_203' title='bbox 201 3373 277 3457; x_wconf 88' lang='lat' dir='ltr'>ipse</span> <span class='ocrx_word' id='word_1_204' title='bbox 308 3375 414 3437; x_wconf 89' lang='lat' dir='ltr'>antea</span> <span class='ocrx_word' id='word_1_205' title='bbox 440 3369 562 3436; x_wconf 85' lang='lat' dir='ltr'>rhetor</span> <span class='ocrx_word' id='word_1_206' title='bbox 590 3364 704 3432; x_wconf 86' lang='lat' dir='ltr'>fuerat</span> <span class='ocrx_word' id='word_1_207' title='bbox 734 3382 836 3429; x_wconf 89' lang='lat' dir='ltr'>suam</span> <span class='ocrx_word' id='word_1_208' title='bbox 869 3359 1082 3427; x_wconf 85' lang='lat' dir='ltr'>sententiam</span> <span class='ocrx_word' id='word_1_209' title='bbox 1112 3357 1252 3444; x_wconf 89' lang='lat' dir='ltr'>profert.</span> 
     </span>
     <span class='ocr_line' id='line_1_28' title="bbox 56 3469 1253 3569; baseline -0.008 -18"><span class='ocrx_word' id='word_1_210' title='bbox 56 3482 275 3569; x_wconf 79' lang='lat' dir='ltr'>Eloquentia</span> <span class='ocrx_word' id='word_1_211' title='bbox 309 3483 453 3554; x_wconf 90' lang='lat' dir='ltr'>turbida</span> <span class='ocrx_word' id='word_1_212' title='bbox 487 3491 646 3569; x_wconf 88' lang='lat' dir='ltr'>tempora</span> <span class='ocrx_word' id='word_1_213' title='bbox 679 3474 865 3552; x_wconf 76' lang='lat' dir='ltr'>desiderat,</span> <span class='ocrx_word' id='word_1_214' title='bbox 899 3494 973 3541; x_wconf 90' lang='lat' dir='ltr'>nou</span> <span class='ocrx_word' id='word_1_215' title='bbox 1004 3469 1138 3554; x_wconf 89' lang='lat' dir='ltr'>gaudet</span> <span class='ocrx_word' id='word_1_216' title='bbox 1169 3493 1253 3558; x_wconf 84' lang='lat' dir='ltr'>pro·</span> 
     </span>
     <span class='ocr_line' id='line_1_29' title="bbox 55 3583 1254 3677; baseline -0.012 -10"><span class='ocrx_word' id='word_1_217' title='bbox 55 3596 168 3667; x_wconf 88' lang='lat' dir='ltr'>bitate</span> <span class='ocrx_word' id='word_1_218' title='bbox 191 3607 224 3667; x_wconf 89' lang='lat' dir='ltr'>et</span> <span class='ocrx_word' id='word_1_219' title='bbox 248 3599 433 3677; x_wconf 74' lang='lat' dir='ltr'>modestia,</span> <span class='ocrx_word' id='word_1_220' title='bbox 457 3598 606 3666; x_wconf 87' lang='lat' dir='ltr'>alurnna</span> <span class='ocrx_word' id='word_1_221' title='bbox 625 3604 679 3665; x_wconf 84' lang='lat' dir='ltr'>est</span> <span class='ocrx_word' id='word_1_222' title='bbox 693 3592 868 3667; x_wconf 66' lang='lat' dir='ltr'>licentiae,</span> <span class='ocrx_word' id='word_1_223' title='bbox 891 3607 1008 3655; x_wconf 84' lang='lat' dir='ltr'>comes</span> <span class='ocrx_word' id='word_1_224' title='bbox 1026 3583 1254 3664; x_wconf 77' lang='lat' dir='ltr'>seditionum,</span> 
     </span>
     <span class='ocr_line' id='line_1_30' title="bbox 55 3701 1253 3801; baseline -0.014 -20"><span class='ocrx_word' id='word_1_225' title='bbox 55 3711 219 3782; x_wconf 84' lang='lat' dir='ltr'>effrenati</span> <span class='ocrx_word' id='word_1_226' title='bbox 264 3712 392 3801; x_wconf 87' lang='lat' dir='ltr'>populi</span> <span class='ocrx_word' id='word_1_227' title='bbox 441 3716 728 3786; x_wconf 80' lang='lat' dir='ltr'>incitamentum,</span> <span class='ocrx_word' id='word_1_228' title='bbox 777 3725 850 3773; x_wconf 91' lang='lat' dir='ltr'>non</span> <span class='ocrx_word' id='word_1_229' title='bbox 899 3708 1016 3789; x_wconf 85' lang='lat' dir='ltr'>potest</span> <span class='ocrx_word' id='word_1_230' title='bbox 1067 3701 1150 3766; x_wconf 92' lang='lat' dir='ltr'>oriri</span> <span class='ocrx_word' id='word_1_231' title='bbox 1190 3721 1253 3766; x_wconf 86' lang='lat' dir='ltr'>neo</span> 
     </span>
     <span class='ocr_line' id='line_1_31' title="bbox 55 3809 1253 3901; baseline -0.013 -6"><span class='ocrx_word' id='word_1_232' title='bbox 55 3825 175 3895; x_wconf 88' lang='lat' dir='ltr'>valere</span> <span class='ocrx_word' id='word_1_233' title='bbox 206 3829 355 3897; x_wconf 83' lang='lat' dir='ltr'>inbono</span> <span class='ocrx_word' id='word_1_234' title='bbox 380 3830 582 3896; x_wconf 89' lang='lat' dir='ltr'>constitutis</span> <span class='ocrx_word' id='word_1_235' title='bbox 607 3823 822 3894; x_wconf 86' lang='lat' dir='ltr'>civitatibus.</span> <span class='ocrx_word' id='word_1_236' title='bbox 867 3816 991 3901; x_wconf 87' lang='lat' dir='ltr'>Itaque</span> <span class='ocrx_word' id='word_1_237' title='bbox 1014 3809 1253 3900; x_wconf 84' lang='lat' dir='ltr'>reipublicae</span> 
     </span>
     <span class='ocr_line' id='line_1_32' title="bbox 55 3927 1252 4029; baseline -0.003 -21"><span class='ocrx_word' id='word_1_238' title='bbox 55 3942 276 4029; x_wconf 87' lang='lat' dir='ltr'>temporibus</span> <span class='ocrx_word' id='word_1_239' title='bbox 307 3942 458 4011; x_wconf 86' lang='lat' dir='ltr'>florebat</span> <span class='ocrx_word' id='word_1_240' title='bbox 489 3941 701 4027; x_wconf 80' lang='lat' dir='ltr'>eloquentia,</span> <span class='ocrx_word' id='word_1_241' title='bbox 733 3958 828 4006; x_wconf 90' lang='lat' dir='ltr'>nunc</span> <span class='ocrx_word' id='word_1_242' title='bbox 863 3931 1074 4016; x_wconf 85' lang='lat' dir='ltr'>degenerata</span> <span class='ocrx_word' id='word_1_243' title='bbox 1108 3934 1172 4005; x_wconf 55' lang='lat' dir='ltr'>est,</span> <span class='ocrx_word' id='word_1_244' title='bbox 1208 3927 1252 3995; x_wconf 89' lang='lat' dir='ltr'>0b</span> 
     </span>
     <span class='ocr_line' id='line_1_33' title="bbox 55 4044 1253 4142; baseline -0.016 -18"><span class='ocrx_word' id='word_1_245' title='bbox 55 4055 206 4126; x_wconf 89' lang='lat' dir='ltr'>eandem</span> <span class='ocrx_word' id='word_1_246' title='bbox 230 4066 347 4127; x_wconf 89' lang='lat' dir='ltr'>autem</span> <span class='ocrx_word' id='word_1_247' title='bbox 372 4079 517 4127; x_wconf 86' lang='lat' dir='ltr'>causam</span> <span class='ocrx_word' id='word_1_248' title='bbox 539 4081 584 4126; x_wconf 91' lang='lat' dir='ltr'>ne</span> <span class='ocrx_word' id='word_1_249' title='bbox 608 4057 717 4141; x_wconf 84' lang='lat' dir='ltr'>digna</span> <span class='ocrx_word' id='word_1_250' title='bbox 740 4049 883 4142; x_wconf 91' lang='lat' dir='ltr'>quidem</span> <span class='ocrx_word' id='word_1_251' title='bbox 912 4047 970 4112; x_wconf 86' lang='lat' dir='ltr'>cui</span> <span class='ocrx_word' id='word_1_252' title='bbox 998 4044 1078 4127; x_wconf 90' lang='lat' dir='ltr'>quis</span> <span class='ocrx_word' id='word_1_253' title='bbox 1111 4061 1253 4126; x_wconf 88' lang='lat' dir='ltr'>operam</span> 
     </span>
     <span class='ocr_line' id='line_1_34' title="bbox 55 4157 1253 4259; baseline -0.004 -21"><span class='ocrx_word' id='word_1_254' title='bbox 55 4169 124 4239; x_wconf 88' lang='lat' dir='ltr'>dot.</span> <span class='ocrx_word' id='word_1_255' title='bbox 179 4172 227 4239; x_wconf 82' lang='lat' dir='ltr'>Et</span> <span class='ocrx_word' id='word_1_256' title='bbox 260 4192 305 4241; x_wconf 89' lang='lat' dir='ltr'>ne</span> <span class='ocrx_word' id='word_1_257' title='bbox 337 4176 416 4258; x_wconf 89' lang='lat' dir='ltr'>quis</span> <span class='ocrx_word' id='word_1_258' title='bbox 451 4179 552 4259; x_wconf 88' lang='lat' dir='ltr'>putet</span> <span class='ocrx_word' id='word_1_259' title='bbox 587 4172 827 4258; x_wconf 86' lang='lat' dir='ltr'>eloquentiam</span> <span class='ocrx_word' id='word_1_260' title='bbox 862 4165 977 4234; x_wconf 87' lang='lat' dir='ltr'>solam</span> <span class='ocrx_word' id='word_1_261' title='bbox 1011 4157 1184 4225; x_wconf 65' lang='lat' dir='ltr'>honorem</span> <span class='ocrx_word' id='word_1_262' title='bbox 1219 4159 1253 4220; x_wconf 70' lang='grc' dir='ltr'>θῒ</span> 
     </span>
     <span class='ocr_line' id='line_1_35' title="bbox 53 4268 1289 4387; baseline -0.015 -36"><span class='ocrx_word' id='word_1_263' title='bbox 53 4287 209 4368; x_wconf 84' lang='lat' dir='ltr'>gratiam</span> <span class='ocrx_word' id='word_1_264' title='bbox 239 4309 452 4375; x_wconf 77' lang='lat' dir='ltr'>comparare,</span> <span class='ocrx_word' id='word_1_265' title='bbox 482 4287 685 4357; x_wconf 88' lang='lat' dir='ltr'>Maternum</span> <span class='ocrx_word' id='word_1_266' title='bbox 714 4289 841 4372; x_wconf 86' lang='lat' dir='ltr'>poesin</span> <span class='ocrx_word' id='word_1_267' title='bbox 865 4288 915 4353; x_wconf 88' lang='lat' dir='ltr'>ita</span> <span class='ocrx_word' id='word_1_268' title='bbox 937 4273 1145 4346; x_wconf 81' lang='lat' dir='ltr'>laudantem</span> <span class='ocrx_word' id='word_1_269' title='bbox 1168 4268 1253 4337; x_wconf 86' lang='lat' dir='ltr'>facit</span> <span class='ocrx_word' id='word_1_270' title='bbox 1284 4382 1289 4387; x_wconf 26' lang='grc' dir='ltr'>Ι</span> 
     </span>
    </p>

    <p class='ocr_par' dir='ltr' id='par_1_4' title="bbox 1085 4419 1109 4470">
     <span class='ocr_line' id='line_1_36' title="bbox 1085 4419 1109 4470; baseline 0 0"><span class='ocrx_word' id='word_1_271' title='bbox 1085 4419 1109 4470; x_wconf 59' lang='lat' dir='ltr'>la</span> 
     </span>
    </p>
   </div>
   <div class='ocr_carea' id='block_1_3' title="bbox 0 0 1404 4680">
    <p class='ocr_par' dir='ltr' id='par_1_5' title="bbox 0 0 1404 4680">
     <span class='ocr_line' id='line_1_37' title="bbox 0 0 1404 4680; baseline 0 3"><span class='ocrx_word' id='word_1_272' title='bbox 0 0 1404 4680; x_wconf 95' lang='lat' dir='ltr'> </span> 
     </span>
    </p>
   </div>
  </div>
 </body>
</html>
