2798 4680
233 503 331 584 Quae
356 512 473 571 alitent
498 527 606 572 sarisa
622 503 850 572 Aristotelem
876 509 1180 582 commoverique
1205 506 1333 573 aPla-

127 620 244 686 tonieo
269 639 366 683 more
390 615 574 694 resederet,
597 619 668 684 iam
693 616 813 684 Cirero
839 621 995 685 sensisse
1019 617 1168 685 videtur.

232 730 335 797 Plato
361 737 394 796 et.
418 729 584 815 aequales
610 732 685 796 eius
711 728 891 796 Soerutem
917 733 971 796 eui
1002 733 1038 797 in
1071 729 1224 813 dialogis
1251 735 1334 798 suis

126 847 259 929 primas
276 845 481 911 tribuebant
499 842 703 928 loquentem
723 841 933 909 audiverant
951 844 994 910 ob
1014 865 1163 929 eamque
1180 867 1336 913 eausam

127 979 205 1023 eum
232 958 348 1042 speeie
366 953 519 1039 quadam
538 957 697 1021 veritatis
722 976 800 1047 sese
817 977 998 1023 sermones
1020 958 1121 1024 abeo
1141 961 1335 1027 institutos

127 1091 288 1136 <inaurare
336 1065 548 1133 contendere
594 1076 807 1153 potuerunt;
853 1068 1083 1136 Aristotelem
1135 1094 1218 1138 vero
1269 1076 1338 1158 qui

127 1172 306 1248 Sol-ratem
350 1201 413 1246 nee
448 1178 585 1246 uiderat
625 1202 740 1267 neque
784 1179 970 1249 audiverat
1011 1185 1090 1267 ipsa
1124 1197 1338 1269 temporum

125 1297 214 1362 ratio
246 1292 350 1360 illum
382 1291 548 1359 inducere
578 1297 702 1369 vetuit,
735 1301 770 1360 et
801 1297 828 1359 si
862 1293 1011 1365 ferisset„
1044 1293 1157 1362 multa
1183 1317 1273 1362 saue
1298 1301 1338 1364 ei

124 1415 268 1492 propter
302 1411 453 1472 aetatem
491 1405 687 1473 omittenda
722 1415 836 1474 erant:
873 1410 993 1491 itaque
1024 1406 1166 1492 retinnit
1203 1414 1336 1494 potius

126 1520 352 1588 Platonicum
377 1540 491 1601 genus
516 1521 656 1604 sibique
681 1522 749 1604 ipsi
775 1519 915 1587 die-endi
938 1527 1057 1604 partes
1076 1519 1181 1587 dedit.
1219 1522 1339 1590 Hune·

103 1629 256 1698 'morem
281 1638 406 1716 postea
431 1630 550 1699 Cieero
575 1634 705 1717 reeepit
730 1643 760 1697 et
786 1634 830 1699 ab
856 1655 895 1699 eo
922 1655 1043 1700 omnes
1075 1634 1144 1699 t'ere
1168 1634 1341 1703 Romani

125 1745 346 1828 dialogorum
396 1753 557 1811 auetores
604 1742 733 1812 Florus
780 1745 960 1812 Minue-ius
1000 1745 1099 1813 Felix
1140 1746 1340 1832 Sulpicius

125 1858 277 1925 Severus
302 1857 531 1939 Augustinus
557 1857 762 1924 Cassianus.

228 1969 326 2050 Quos
363 1977 397 2035 et
433 1977 520 2054 quot
555 1971 799 2057 colloquentes
836 1971 1048 2038 Aristoteles
1092 1975 1128 2037 in
1169 1971 1350 2057 dialogis.

124 2087 198 2150 suis
234 2081 416 2149 induxerit
450 2086 646 2155 neseimus:
682 2107 754 2152 non
790 2096 880 2150 reete
916 2093 1032 2151 autem
1077 2084 1355 2154 Rossbaehius

124 2196 257 2265 (Herm.
286 2201 336 2268 17,
361 2195 466 2275 3374)
492 2196 674 2264 eontrmdit
706 2201 776 2265 iam
803 2198 1032 2265 Aristotelem
1065 2195 1208 2280 ἀορίστοις
1240 2221 1359 2280 προς·

121 2308 209 2378 τύποις
233 2330 338 2375 usum
363 2329 458 2376 esse:
482 2330 565 2375 nam
590 2309 690 2375 loeus
716 2309 777 2378 ille
803 2310 955 2378 Eudemi
981 2311 1036 2382 (ef.
1062 2309 1188 2385 Rose„
1213 2311 1362 2378 Arist„

122 2422 244 2506 fragm.
270 2443 302 2507 p.
329 2427 381 2495 48,
406 2427 462 2495 20)
498 2421 587 2489 nihil
627 2421 861 2493 demonstrat:
898 2447 1026 2490 nomen
1065 2423 1209 2508 quidem
1247 2427 1367 2491 eins

122 2537 183 2620 qui.
206 2534 366 2619 loquitur
388 2557 462 2600 non
487 2533 649 2603 additum
674 2549 737 2611 est,
762 2536 824 2602 sed
848 2559 925 2604 esse
943 2559 1021 2603 eum
1041 2535 1190 2604 eundem
1217 2544 1328 2622 atqit
1344 2549 1372 2594 θ

121 2651 182 2732 qul
208 2669 316 2734 Supra
340 2655 387 2728 (gv.
415 2651 470 2719 ll)
502 2642 526 2708 ὦ
550 2647 683 2731 κράτιστε
706 2649 821 2712 πάντων
845 2648 893 2710 καὶ
919 2649 1149 2733 μακαριστότατε
1174 2660 1328 2717 x'oeflill
1358 2661 1373 2706 Υ

122 2780 290 2846 apparere
325 2759 415 2827 milii
451 2759 600 2827 ridetur.
659 2762 756 2830 lllud
792 2786 873 2830 vero
911 2764 1032 2831 (lireio
1069 2764 1175 2830 nobis
1214 2758 1378 2830 tradit

122 2872 368 2959 eolloquentes
408 2882 579 2959 perpetua.
624 2879 782 2942 oratione
821 2897 906 2942 usos
947 2898 1032 2941 esse.
1103 2877 1377 2961 Saepissintss

46 2999 49 3004 ·
121 2989 216 3053 enim
232 2986 549 3073 Peripatetieornm
566 3009 700 3055 morem
716 2988 853 3065 laudat,
877 2987 969 3074 quod
990 2991 1162 3074 optimam
1180 2976 1376 3055 dicendi

123 3102 407 3166 exereitationem
433 3101 610 3185 praebeat.
668 3100 769 3167 Hane
794 3109 914 3168 autem
938 3101 1124 3169 Platonico
1154 3124 1253 3168 more
1285 3107 1374 3171 i11

121 3213 275 3294 singulis
316 3214 422 3281 rebus
462 3212 652 3280 insistendi
683 3236 754 3279 non
789 3212 981 3280 admodum
1014 3213 1175 3281 adiuvari
1214 3237 1300 3283 nem
1328 3223 1372 3269 ⁴)

121 3346 193 3392 non
224 3324 336 3404 ridet3
368 3316 580 3393 Aristoteles
615 3328 723 3407 igitur
754 3348 832 3393 eum
866 3330 914 3392 ita
947 3330 1140 3394 nudaverit
1171 3325 1371 3413 operuit,

120 3447 158 3502 ut
184 3437 408 3523 eloquentiae
433 3441 549 3524 aptior
572 3437 681 3510 fieret,
712 3437 805 3523 quod
840 3438 943 3506 aliter
967 3441 1078 3506 faeere
1104 3463 1176 3506 uon
1201 3431 1369 3526 potuit

54 3544 58 3548 ’
120 3572 159 3614 ae
184 3553 214 3616 si
238 3572 410 3636 personas
443 3573 527 3617 suas
558 3563 727 3637 perpetua
762 3554 921 3619 oratioue
951 3551 1139 3638 loquentes
1165 3551 1363 3621 induxit·

120 3663 224 3730 Plato
250 3686 431 3734 smmnum
455 3671 676 3759 momentum
701 3667 738 3730 in
764 3663 948 3730 dialectiea
981 3676 1053 3733 arte
1078 3675 1248 3752 posuerat
1275 3661 1359 3734 ob

120 3797 268 3860 eamque
303 3797 448 3843 eausam
483 3776 611 3859 longas
647 3781 825 3846 orationes
868 3786 1067 3863 respuerat,
1103 3779 1356 3848 Aristoteles

119 3891 237 3954 minus
274 3891 303 3954 ei
340 3892 563 3956 auetoritatis
603 3892 748 3962 tribuit:
783 3891 888 3958 Plato
931 3893 967 3957 in
1010 3889 1164 3974 dialogis
1209 3913 1348 3978 qnae‘

118 4004 261 4077 siverat,
287 4000 373 4085 quid
396 4002 530 4069 bonum
556 4012 650 4070 esset
674 4002 760 4088 quid
784 4002 931 4080 malum,
961 4004 1047 4090 quid
1071 4007 1206 4071 iustum
1232 3992 1340 4092 quid

118 4116 305 4183 iniustum.
342 4114 428 4199 quid
464 4116 656 4201 pulehrum
689 4105 774 4202 quid
809 4125 921 4202 turpe.
955 4117 1040 4202 quid
1074 4140 1195 4185 verum
1232 4109 1331 4206 quid

118 4226 269 4296 l'alsum:
293 4227 503 4295 huiusmodi
528 4232 800 4315 quaestionibus
825 4234 1014 4315 spinosum
1038 4229 1129 4298 illud
1155 4240 1187 4298 et
1213 4254 1322 4300 aeon-
