2798 4680
1258 307 1298 368 27

95 511 274 593 scriptum
298 506 410 574 fuisse
437 505 492 572 vel
518 529 561 574 ex
584 510 710 592 paucis
740 507 949 590 fragmentis
975 530 1065 593 quae
1089 509 1298 576 Athenaeus
1367 503 1370 508 ’

95 623 204 688 nobis
230 623 383 687 servavit
408 627 564 705 apparet.
602 618 652 686 ef.
667 620 789 702 fragm.
805 619 934 706 3apud
946 621 1161 688 Muellerum
1174 621 1297 704 fragm.

94 735 182 802 hist.
206 753 318 816 graec.
344 734 378 800 Π
401 755 433 819 p.
460 739 523 800 303
548 731 703 818 Κλέαρχος
727 733 754 794 δ’
779 735 808 795 ἑν
832 733 958 818 ὖεντέριρ
980 731 1066 808 Βίων,
1082 731 1194 819 Ὅρα,
1219 732 1299 818 φησί,
1319 721 1320 726 ¹

94 846 165 916 τοὺς
193 846 224 908 τὸ
248 844 484 929 κοσμοσάνδαλον
508 843 679 929 ἀνευρόντας
705 843 951 928 ,λακεοαιμοινίονς
980 855 1061 919 etc:
1092 847 1129 913 fl'.
1152 852 1244 912 luno
1268 845 1300 909 δὲ
1364 876 1378 908 z

92 965 152 1022 τῶν
175 957 335 1044 ἀνθρώπιον
358 957 415 1043 οὐχ
446 957 475 1020 αἱ
500 955 588 1041 ὀσμαὶ
613 957 706 1041 μόνον,
738 957 774 1029 ὡς
798 956 868 1043 φησὶ
894 958 1048 1044 Κλέαρχος
1072 961 1102 1021 ἑν
1125 956 1211 1042 τρὶτιρ
1235 957 1300 1043 περὶ

95 1070 188 1148 Βίων,
219 1071 295 1135 ἀλλὰ
326 1068 374 1134 καὶ
407 1072 435 1134 αἱ
460 1069 548 1156 χροαὶ
570 1071 711 1156 τρυφερὸν
747 1069 868 1156 ἔχουσαί
892 1095 918 1132 τι
953 1070 1197 1152 συνεκθηλύνουσι
1232 1071 1297 1142 τοὺς

94 1184 398 1270 μεταχειριζομένους.
439 1183 569 1267 Ὑμεῖς
600 1183 622 1246 δ’
649 1181 782 1246 οἴεσθε
813 1185 863 1266 τὴν
896 1181 1044 1268 ἁβρότητα
1071 1182 1164 1270 χωρὶς
1194 1183 1300 1269 ἀρετῆς

95 1296 180 1382 ἔχειν
202 1322 229 1359 τι
250 1295 465 1381 τρυφερόν...
489 1293 514 1381 ᾧ
533 1297 643 1381 κομψός
667 1323 716 1371 τις,
748 1296 791 1367 ὡς
821 1294 907 1380 ἐμοὶ
940 1298 1061 1371 δοκεῖ,
1094 1295 1299 1382 ὑπεραλγήσας

95 1416 184 1488 οἵα,
208 1409 246 1476 fr.
271 1415 291 1476 5
314 1407 364 1471 καὶ
397 1410 546 1494 προελθὼν
576 1410 608 1473 δέ
638 1410 759 1495 γράφει·
800 1409 867 1480 Τοῖς
898 1415 967 1492 γοῦν
999 1407 1136 1494 πορίσασί
1166 1435 1192 1472 τι
1222 1408 1302 1494 αὐτῷ

93 1520 162 1604 ἡδὺ
184 1522 285 1605 βρῶμα
315 1521 411 1592 citou
434 1516 515 1585 ἆθλα
538 1529 589 1586 τοῦ
618 1523 812 1608 πορισθέντος,
837 1521 894 1608 οὐχ
918 1522 1030 1606 ἑτέραις
1059 1520 1174 1604 ἡδύνων
1205 1529 1299 1586 ταῦτα

94 1636 194 1717 τιμαῖς
217 1633 377 1720 παρετίθει,
401 1637 475 1700 πολι)
499 1636 532 1699 δέ
556 1641 666 1719 μᾶλλον
690 1634 776 1706 αὐτὸς
800 1633 960 1698 ἀπολαύειν
984 1633 1077 1698 αὐτῶν
1109 1640 1174 1698 νοῦν
1206 1634 1301 1722 ἔχων·

93 1753 183 1810 τοῦτο
208 1746 259 1829 μἐν
281 1747 336 1831 γάρ
360 1751 435 1811 ἐστιν
459 1747 473 1811 ὁ
495 1748 657 1832 λεγόμενος,
682 1748 801 1832 οἶμαι,
830 1745 880 1810 καὶ
904 1747 971 1819 Διὸς
995 1743 1058 1831 ἅμα
1082 1746 1131 1810 καὶ
1155 1749 1299 1833 βασιλέως

95 1860 278 1946 ἐγκέφαλος,
301 1862 339 1929 ff.
368 1868 408 1930 10
432 1861 608 1947 εὐλαβητέον
631 1856 681 1924 οὖν
704 1861 755 1944 τήν
779 1861 961 1945 καλουμένην
992 1861 1101 1946 τροφὴν
1127 1857 1215 1925 οὖσαν
1247 1867 1301 1924 τῶν

92 1971 171 2059 βίων
187 1971 358 2058 ἀνατροπὴν,
382 1973 518 2037 ἁπάντων
541 2000 573 2038 τε
588 1974 723 2058 ὀλέθριον
738 1973 876 2057 ἡγεῖσθαι
904 1974 955 2057 τὴν
982 1971 1063 2059 ὕβριν
1079 1997 1168 2060 quae
1191 1977 1301 2043 Verba

95 2085 234 2155 influe
267 2090 436 2156 orationis
465 2091 585 2173 posita
617 2110 694 2154 esse
723 2087 898 2154 videntur.
954 2087 1300 2156 Luculentissimum

96 2207 220 2267 autem
243 2207 493 2282 argumentum
517 2199 715 2284 dialogicae
739 2200 853 2267 forma
877 2208 930 2268 est
953 2202 992 2267 i'r.
1010 2201 1060 2268 le
1084 2203 1199 2286 primo
1221 2198 1299 2263 Βίων

94 2313 193 2381 libro
212 2319 404 2390 servatum,
421 2316 458 2380 in
476 2335 545 2399 quo
563 2315 732 2400 voluptas
750 2312 962 2387 defenditur,
980 2336 1059 2381 cum
1077 2317 1114 2380 iu
1132 2315 1299 2381 omuibus

96 2424 183 2492 aliis
207 2429 437 2512 vituperetur,
462 2434 495 2493 et
519 2429 569 2494 ita
593 2425 748 2512 quidem,
773 2430 874 2494 utin
900 2426 1055 2499 secundo
1082 2426 1124 2492 de
1146 2425 1298 2494 mollitie

93 2540 341 2626 potissimum,
365 2542 402 2606 in
426 2542 528 2607 tertio
555 2539 597 2607 de
620 2539 1085 2618 luxuriavestimentorum,
1109 2541 1146 2606 in
1171 2544 1297 2624 quarto

94 2651 142 2719 de
165 2650 371 2721 libidinosis
396 2652 656 2738 voluptatibus,
687 2655 725 2720 in
750 2655 874 2738 quinto
899 2652 942 2719 de
965 2652 1110 2719 luxuria
1137 2653 1298 2719 ciborum

96 2772 235 2848 agatur.
291 2766 366 2833 lam
398 2764 439 2832 de
477 2768 521 2832 iis
555 2787 696 2850 quoque
731 2764 940 2847 fragmentis
974 2786 1063 2851 quae
1094 2763 1212 2831 adhuc
1242 2766 1298 2830 in-

91 2885 212 2944 certae
236 2877 329 2944 sedis
352 2885 452 2945 orant
480 2877 608 2945 melius
627 2881 738 2944 statui
760 2885 887 2963 potest.
936 2877 1039 2945 Certe
1065 2880 1184 2946 omnia
1208 2899 1298 2962 quae

94 2989 296 3057 Muellerus
321 2992 387 3057 sub
414 3012 560 3059 numero
588 2995 627 3058 16
644 2990 789 3073 collegit
806 3013 849 3057 ex
864 2993 979 3076 primo
997 2990 1089 3058 libro
1106 2990 1298 3068 fluxerunt,

93 3105 339 3190 parasitorum
365 3106 459 3170 eninr
482 3102 608 3170 laudes
633 3106 827 3179 continent,
851 3103 889 3169 fr.
915 3109 963 3169 18.
989 3108 1039 3169 22.
1066 3108 1107 3169 23
1131 3123 1149 3168 e
1174 3108 1299 3188 quarto
1364 3122 1367 3127 ·

95 3216 206 3292 libro,
229 3216 267 3282 fr.
294 3221 333 3283 21
360 3240 377 3283 e
402 3219 539 3301 quinto,
566 3215 604 3281 fr.
630 3220 672 3281 24
696 3216 845 3283 fortasse
870 3237 913 3281 cx
938 3222 1075 3295 octavo,
1109 3214 1151 3281 de
1175 3218 1298 3282 ceteris
1359 3205 1363 3213 λ

97 3331 223 3396 minus
247 3336 397 3409 constat,
437 3328 692 3413 Colloquentes
716 3336 888 3414 perpetua
912 3331 1072 3396 oratioue
1098 3326 1231 3394 dixisse
1256 3349 1300 3394 ex

97 3445 180 3527 ipso
211 3440 346 3525 dialogi
377 3449 586 3524 argumento
618 3463 785 3528 apparere
816 3441 906 3507 mihi
938 3440 1086 3507 videtur.
1135 3439 1231 3520 Quot
1261 3444 1299 3508 iu

95 3547 213 3622 libros
244 3554 409 3637 dialogus
442 3554 580 3622 i'livisus
612 3558 669 3632 sit,
699 3557 878 3621 nescimus
911 3576 1025 3639 neque
1055 3561 1175 3620 tamen
1207 3557 1298 3626 reri-

97 3666 218 3734 simile
247 3676 299 3735 est
327 3669 417 3736 alios
448 3690 588 3754 quoque
618 3665 696 3750 βίους
731 3669 768 3732 in
800 3689 839 3733 ec
875 3673 1045 3734 tractatos
1082 3687 1167 3732 esse.
1226 3666 1300 3733 Nec

98 3779 231 3846 titulus
256 3804 335 3847 cum
361 3781 427 3847 hac
445 3783 624 3847 sententia
639 3788 786 3866 pugnat,
812 3800 893 3846 cum
905 3777 1057 3864 pluralis
1077 3775 1154 3839 Βίων
1172 3777 1298 3863 dispu-

96 3895 235 3959 tatione
259 3893 323 3960 illa
347 3896 384 3959 iu
409 3901 756 3979 utramquepartem
782 3896 869 3959 satis
894 3890 1097 3977 explicetur.

96 4073 131 4130 in
150 4091 243 4129 unum
264 4092 373 4142 coimus
393 4073 611 4131 consocianda*
630 4080 660 4129 ct
676 4092 705 4141 p.
720 4079 751 4129 17
773 4073 824 4128 uui
842 4076 1054 4137 argumentum
1072 4070 1140 4127 libri
1162 4074 1219 4143 περὶ
1238 4072 1299 4141 βίων

97 4159 224 4228 exponit
249 4179 309 4217 nou
334 4160 452 4217 dulutat
477 4179 509 4216 ea
536 4178 656 4228 otioque
676 4157 842 4227 tramenta
863 4177 939 4228 quac
958 4161 987 4211 ἐν.
1007 4160 1127 4230 δευτέρον
1147 4158 1194 4216 vel
1212 4160 1299 4231 τρίτον

97 4245 168 4300 Βίων
189 4254 399 4317 suumtasunt
418 4249 533 4305 eti'crrc.
